date,time,tick_price,volume,open_interest
20240105,10:06:26,45.0,50,50
20240105,10:23:43,35.0,50,50
20240105,15:14:07,34.95,50,50
20240112,11:02:41,20.5,1,100
20240112,11:02:41,20.5,50,100
20240112,11:02:49,20.6,300,150
20240112,11:03:21,20.9,50,150
20240112,11:03:28,21.4,50,150
20240112,11:03:36,21.4,200,150
20240112,11:03:44,21.4,450,150
20240112,11:06:30,21.15,50,800
20240115,11:50:00,37.0,1,850
20240115,11:50:00,37.0,300,850
20240115,12:02:00,34.7,250,1150
20240115,12:02:31,33.85,100,1150
20240115,12:05:47,33.85,100,1350
20240115,12:26:27,34.2,100,1350
20240115,12:28:13,34.05,50,1250
20240115,12:40:25,35.75,50,1200
20240115,12:52:01,34.05,100,1250
20240115,12:53:11,33.95,100,1250
20240115,13:02:15,35.15,50,1050
20240115,13:03:24,35.75,50,1100
20240115,13:13:43,32.4,150,1150
20240117,09:32:54,21.2,1,1150
20240117,09:32:54,21.2,50,1150
20240117,12:07:35,21.5,50,1100
20240118,10:21:29,6.0,1,1100
20240118,10:21:29,6.0,100,1100
20240118,10:21:39,15.0,100,1100
20240118,10:25:40,16.0,50,1000
20240118,10:26:12,16.05,250,1000
20240118,10:35:46,16.05,100,1000
20240118,12:29:40,16.0,50,1000
20240118,12:40:24,17.0,50,1050
20240118,14:19:30,17.0,100,1100
20240118,14:43:52,17.0,400,1100
20240118,15:25:37,17.0,100,1450
20240119,15:29:47,16.25,250,1350
20240119,15:29:59,16.2,50,1350
20240120,09:16:46,16.65,1,1650
20240120,09:16:46,16.65,50,1650
20240120,11:03:25,18.9,50,1700
20240120,11:03:33,18.9,50,1700
20240120,11:06:15,13.5,50,1750
20240120,11:20:15,13.5,250,1700
20240120,11:20:34,14.0,200,1700
20240120,11:21:01,14.45,50,1950
20240120,11:21:52,13.85,100,1950
20240120,11:48:48,12.95,1000,1950
20240120,11:49:54,12.65,100,1950
20240120,11:53:04,12.4,300,1850
20240120,11:55:44,12.0,400,1850
20240120,11:59:29,11.75,500,2000
20240120,12:02:48,11.75,500,2500
20240120,12:25:56,12.9,50,2500
20240120,13:43:38,11.75,50,2500
20240120,13:44:29,11.7,50,2500
20240120,14:03:30,11.7,50,2500
20240120,15:07:27,11.5,50,2500
20240120,15:07:36,10.85,50,2500
20240120,15:15:20,9.6,150,2500
20240120,15:15:52,9.6,100,2450
20240123,10:02:17,10.3,200,2450
20240123,10:04:39,10.3,50,2650
20240123,10:05:46,8.25,50,2650
20240123,10:05:59,10.0,50,2650
20240123,10:56:49,8.15,200,2600
20240123,10:57:32,9.8,450,2600
20240123,10:58:01,9.8,250,2600
20240123,10:58:37,9.7,800,2600
20240123,12:45:47,10.7,800,2900
20240123,12:47:00,10.75,400,2900
20240123,12:48:52,11.2,50,3700
20240123,14:07:30,11.0,100,3750
20240123,14:31:44,11.0,50,3750
20240123,14:36:30,11.0,50,3750
20240123,14:42:42,11.0,50,3800
20240123,15:14:25,11.9,100,3850
20240123,15:18:55,11.1,100,3950
20240123,15:24:59,11.0,50,3950
20240123,15:29:59,11.4,1,4000
20240124,10:05:54,11.4,1,4000
20240124,10:05:54,11.4,50,4000
20240124,10:30:59,12.1,50,4000
20240124,10:41:25,12.1,150,4000
20240124,10:42:24,8.3,150,4000
20240124,10:48:57,8.7,50,3850
20240124,11:12:12,8.7,50,3800
20240124,13:15:58,10.65,50,3800
20240124,13:16:45,9.05,50,3800
20240124,13:29:25,9.0,50,3800
20240124,14:28:36,10.0,100,3800
20240201,10:09:38,3.05,1,3800
20240201,10:09:38,3.05,100,3800
20240201,11:02:39,9.25,250,3900
20240201,11:02:57,9.4,400,4150
20240201,11:03:16,15.45,150,4150
20240201,11:03:26,11.05,100,4150
20240201,11:03:35,9.1,50,4150
20240201,11:03:44,10.3,50,4150
20240201,11:03:51,9.1,400,4150
20240201,11:03:58,8.95,1450,4150
20240201,11:04:05,9.05,1700,4150
20240201,11:04:14,9.05,200,4150
20240201,11:04:23,9.0,300,4150
20240201,11:04:32,8.85,100,4150
20240201,11:04:40,8.95,50,4150
20240201,11:04:57,9.15,50,4150
20240201,11:05:14,9.1,500,4150
20240201,11:05:31,9.2,2150,4150
20240201,11:05:54,9.0,100,9750
20240201,11:06:11,8.95,50,9750
20240201,11:06:28,9.0,50,9750
20240201,11:06:47,8.9,100,9750
20240201,11:07:03,8.0,350,9750
20240201,11:07:11,8.5,400,9750
20240201,11:07:34,8.65,250,9750
20240201,11:07:41,8.65,250,9750
20240201,11:07:47,8.65,50,9750
20240201,11:07:53,8.7,100,9750
20240201,11:08:01,8.9,100,9750
20240201,11:08:08,8.85,150,9750
20240201,11:08:15,9.0,50,9750
20240201,11:08:41,9.05,100,9750
20240201,11:08:54,8.95,50,10300
20240201,11:09:00,8.95,50,10300
20240201,11:09:15,8.8,50,10300
20240201,11:09:45,8.8,100,10300
20240201,11:10:26,8.8,100,10300
20240201,11:11:19,8.95,100,10300
20240201,11:11:45,8.95,50,10300
20240201,11:12:09,8.8,300,10300
20240201,11:12:25,8.8,150,10300
20240201,11:13:27,8.6,100,10300
20240201,11:14:08,8.7,50,10300
20240201,11:14:37,8.9,50,10300
20240201,11:14:41,8.7,50,10300
20240201,11:14:55,8.75,100,10250
20240201,11:15:33,8.75,50,10250
20240201,11:15:38,8.65,100,10250
20240201,11:16:01,8.5,250,10250
20240201,11:16:31,8.15,50,10250
20240201,11:16:37,8.15,100,10250
20240201,11:16:52,7.5,250,10250
20240201,11:17:01,7.35,200,10250
20240201,11:17:09,6.6,250,10250
20240201,11:17:18,6.5,100,10250
20240201,11:17:28,6.25,300,10250
20240201,11:17:36,6.05,500,10250
20240201,11:17:45,6.15,50,10250
20240201,11:17:53,6.6,850,10650
20240201,11:18:02,6.8,300,10650
20240201,11:18:11,6.8,250,10650
20240201,11:18:19,7.0,200,10650
20240201,11:18:28,6.95,50,10650
20240201,11:19:29,7.7,50,10650
20240201,11:19:46,7.85,100,10650
20240201,11:20:02,7.85,400,10650
20240201,11:20:19,7.65,500,10650
20240201,11:20:43,7.7,100,11350
20240201,11:24:34,7.6,50,11350
20240201,11:24:42,7.7,100,11350
20240201,11:26:17,7.4,100,11350
20240201,11:26:25,7.4,200,11350
20240201,11:26:56,7.6,50,11350
20240201,11:27:18,7.55,50,11350
20240201,11:27:26,7.5,50,11350
20240201,11:27:40,7.45,50,11350
20240201,11:27:48,7.4,50,11350
20240201,11:28:29,7.4,100,11350
20240201,11:29:09,7.5,50,11350
20240201,11:29:57,7.5,50,11350
20240201,11:30:21,7.55,100,11350
20240201,11:31:13,7.4,100,11350
20240201,11:31:27,7.4,50,11350
20240201,11:31:41,7.35,150,11350
20240201,11:31:48,7.15,250,11350
20240201,11:32:10,7.15,800,11350
20240201,11:32:38,7.4,200,11350
20240201,11:32:45,7.35,100,11350
20240201,11:35:44,7.0,250,10850
20240201,11:38:44,7.35,50,11100
20240201,11:39:22,7.25,50,11150
20240201,11:39:30,7.2,50,11150
20240201,11:40:06,7.25,50,11150
20240201,11:41:13,7.35,400,11150
20240201,11:41:35,7.35,50,11150
20240201,11:41:49,7.15,350,11050
20240201,11:41:55,7.2,100,11050
20240201,11:42:51,7.2,100,11050
20240201,11:42:59,7.1,250,11050
20240201,11:43:28,7.25,150,11050
20240201,11:50:06,7.4,50,10950
20240201,11:50:46,7.5,100,10950
20240201,11:50:54,7.45,100,11000
20240201,11:51:26,7.5,50,11000
20240201,11:51:42,7.4,200,11000
20240201,11:52:11,7.45,50,11000
20240201,11:52:43,7.55,250,11000
20240201,11:52:51,7.55,250,11000
20240201,11:53:09,7.6,50,11000
20240201,11:53:40,7.55,300,11000
20240201,11:53:48,7.6,250,11000
20240201,11:54:13,7.7,200,11000
20240201,11:55:13,7.55,50,11850
20240201,11:55:35,7.4,400,11850
20240201,11:55:51,7.4,100,11850
20240201,11:55:59,7.4,50,11850
20240201,11:56:29,7.2,50,11850
20240201,11:56:38,7.05,50,11850
20240201,11:56:46,7.2,100,11850
20240201,11:57:09,7.15,250,12450
20240201,11:57:18,7.0,200,12450
20240201,11:57:34,7.0,150,12450
20240201,11:57:41,7.05,750,12450
20240201,11:58:24,6.7,100,12450
20240201,11:59:05,6.4,50,12450
20240201,11:59:12,6.25,300,12450
20240201,11:59:27,6.05,1600,12450
20240201,11:59:34,6.0,50,12450
20240201,11:59:42,5.85,50,12450
20240201,11:59:49,5.95,300,12450
20240201,12:00:05,5.6,600,15550
20240201,12:00:14,5.55,100,15550
20240201,12:00:29,5.5,200,15550
20240201,12:00:37,5.45,200,15550
20240201,12:00:45,5.35,200,15550
20240201,12:00:52,5.2,100,15550
20240201,12:01:01,5.2,1300,15550
20240201,12:01:08,5.05,1250,15550
20240201,12:01:16,5.1,150,15550
20240201,12:01:24,5.0,350,15550
20240201,12:01:31,5.0,850,15550
20240201,12:01:38,4.85,1250,15550
20240201,12:01:46,4.75,1350,15550
20240201,12:01:54,4.7,450,15550
20240201,12:02:02,4.7,900,15550
20240201,12:02:18,4.35,300,15550
20240201,12:02:34,4.25,50,15550
20240201,12:03:08,4.1,50,20000
20240201,12:03:16,3.9,200,20000
20240201,12:03:24,3.95,50,20000
20240201,12:03:41,3.9,700,20000
20240201,12:04:01,3.8,50,20000
20240201,12:04:11,3.7,100,20000
20240201,12:04:31,3.8,50,20000
20240201,12:04:40,3.7,50,20000
20240201,12:04:50,3.65,50,20000
20240201,12:05:09,3.7,150,20000
20240201,12:05:36,3.7,250,20000
20240201,12:06:05,3.6,150,20100
20240201,12:06:14,3.6,100,20100
20240201,12:06:32,3.55,400,20100
20240201,12:06:50,3.55,50,20100
20240201,12:07:00,3.6,250,20100
20240201,12:07:10,3.6,100,20100
20240201,12:07:19,3.7,850,20100
20240201,12:07:29,3.65,850,20100
20240201,12:07:39,3.65,300,20100
20240201,12:07:49,3.65,400,20100
20240201,12:07:58,3.75,150,20100
20240201,12:08:08,3.7,300,20100
20240201,12:08:17,3.75,150,20100
20240201,12:08:26,3.75,50,20100
20240201,12:08:35,3.9,300,20100
20240201,12:09:19,3.85,450,19350
20240201,12:09:37,3.95,400,19350
20240201,12:09:45,4.0,350,19350
20240201,12:09:54,4.0,50,19350
20240201,12:10:21,4.05,100,19350
20240201,12:11:06,4.0,50,19350
20240201,12:11:25,4.2,650,19350
20240201,12:11:34,4.1,600,19350
20240201,12:11:44,4.1,50,19350
20240201,12:11:53,4.2,100,19350
20240201,12:12:03,4.1,350,19250
20240201,12:12:12,4.15,150,19250
20240201,12:12:30,4.1,100,19250
20240201,12:12:40,4.1,50,19250
20240201,12:12:59,4.0,50,19250
20240201,12:13:09,4.0,150,19250
20240201,12:13:18,4.0,50,19250
20240201,12:13:28,4.0,800,19250
20240201,12:14:16,3.85,100,19250
20240201,12:14:26,3.75,50,19250
20240201,12:14:45,3.8,200,19250
20240201,12:14:55,3.8,1000,20100
20240201,12:15:04,3.55,1950,20100
20240201,12:15:13,3.55,300,20100
20240201,12:15:49,3.45,150,20100
20240201,12:16:26,3.45,50,20100
20240201,12:16:54,3.5,50,20100
20240201,12:17:12,3.45,450,20100
20240201,12:17:40,3.35,50,20100
20240201,12:18:06,3.4,50,21750
20240201,12:18:15,3.4,50,21750
20240201,12:18:24,3.3,200,21750
20240201,12:19:00,3.2,50,21750
20240201,12:19:20,3.05,550,21750
20240201,12:19:47,3.05,500,21750
20240201,12:20:03,3.05,500,21750
20240201,12:20:11,3.05,1550,21750
20240201,12:20:21,3.1,2200,21750
20240201,12:20:30,3.0,3850,21750
20240201,12:20:57,2.85,200,29250
20240201,12:21:06,2.9,1150,29250
20240201,12:21:31,2.8,100,29250
20240201,12:22:06,2.8,550,29250
20240201,12:22:24,2.95,50,29250
20240201,12:23:10,3.0,200,29250
20240201,12:23:19,2.95,250,29250
20240201,12:23:28,3.0,2000,29250
20240201,12:23:37,3.0,50,29250
20240201,12:23:45,3.0,200,29250
20240201,12:23:54,3.0,50,28200
20240201,12:24:11,3.05,150,28200
20240201,12:24:20,3.05,800,28200
20240201,12:24:36,3.1,300,28200
20240201,12:24:45,3.15,50,28200
20240201,12:25:02,3.05,750,28200
20240201,12:25:10,3.05,150,28200
20240201,12:25:35,3.0,100,28200
20240201,12:25:44,3.0,100,28200
20240201,12:25:52,3.0,150,28200
20240201,12:26:01,3.0,50,28200
20240201,12:26:52,2.95,100,28200
20240201,12:27:01,2.95,300,28250
20240201,12:28:22,2.9,500,28250
20240201,12:28:31,2.95,300,28250
20240201,12:28:39,2.9,500,28250
20240201,12:28:56,2.9,50,28250
20240201,12:29:22,2.9,600,28250
20240201,12:29:40,2.95,1750,28250
20240201,12:30:30,2.9,100,30200
20240201,12:30:38,2.95,500,30200
20240201,12:32:37,2.95,50,30200
20240201,12:33:04,2.95,300,30700
20240201,12:33:23,2.9,300,30700
20240201,12:34:04,2.85,150,30700
20240201,12:34:13,2.85,600,30700
20240201,12:34:22,2.85,50,30700
20240201,12:34:49,2.8,400,30700
20240201,12:34:58,2.8,50,30700
20240201,12:35:07,2.8,50,30700
20240201,12:36:23,2.8,100,30700
20240201,12:36:59,2.75,50,30700
20240201,12:37:08,2.75,50,30700
20240201,12:37:18,2.8,400,30700
20240201,12:37:27,2.8,50,30700
20240201,12:37:57,2.8,50,30700
20240201,12:40:37,2.8,600,30700
20240201,12:41:21,2.75,300,30700
20240201,12:42:51,2.75,50,31000
20240201,12:42:59,2.75,900,31000
20240201,12:43:07,2.75,50,31000
20240201,12:43:23,2.7,100,31000
20240201,12:43:45,2.7,900,31000
20240201,12:44:56,2.75,100,31000
20240201,12:45:27,2.75,600,31550
20240201,12:45:43,2.8,100,31550
20240201,12:47:47,2.8,50,31550
20240201,12:48:18,2.85,150,31650
20240201,12:48:28,2.85,350,31650
20240201,12:49:35,2.85,300,31650
20240201,12:50:05,2.8,350,31650
20240201,12:50:16,2.8,550,31650
20240201,12:50:35,2.85,150,31650
20240201,12:51:50,2.85,50,32100
20240201,12:53:30,2.8,400,32100
20240201,12:53:40,2.8,50,32100
20240201,12:54:07,2.8,50,32400
20240201,12:54:26,2.95,50,32400
20240201,12:55:07,2.95,50,32400
20240201,12:55:18,2.95,50,32400
20240201,12:56:15,3.05,50,32400
20240201,12:56:42,2.95,400,32400
20240201,12:56:52,3.0,50,32400
20240201,12:57:34,2.8,1100,32400
20240201,12:57:54,2.75,650,32400
20240201,12:58:13,2.75,150,32400
20240201,12:58:32,2.75,1600,32400
20240201,12:58:41,2.75,150,32400
20240201,12:58:50,2.7,400,32400
20240201,12:58:58,2.7,700,32400
20240201,12:59:15,2.7,300,32400
20240201,12:59:24,2.7,100,32400
20240201,12:59:32,2.7,1000,32400
20240201,12:59:49,2.65,300,32400
20240201,13:00:24,2.65,250,34350
20240201,13:00:59,2.7,200,34350
20240201,13:01:19,2.7,50,34350
20240201,13:01:51,2.75,1200,34350
20240201,13:01:59,2.7,100,34350
20240201,13:02:07,2.65,1300,34350
20240201,13:02:17,2.65,200,34350
20240201,13:02:35,2.7,100,34350
20240201,13:03:01,2.7,1250,36050
20240201,13:03:18,2.65,500,36050
20240201,13:03:42,2.65,400,36050
20240201,13:04:00,2.7,100,36050
20240201,13:04:17,2.65,300,36050
20240201,13:04:25,2.65,700,36050
20240201,13:04:42,2.65,300,36050
20240201,13:04:58,2.65,1600,36050
20240201,13:05:13,2.65,400,36050
20240201,13:05:22,2.65,600,36050
20240201,13:05:30,2.65,3650,36050
20240201,13:05:38,2.65,1300,36050
20240201,13:06:04,2.6,1200,46400
20240201,13:06:12,2.55,300,46400
20240201,13:06:20,2.55,300,46400
20240201,13:06:43,2.55,50,46400
20240201,13:07:06,2.55,250,46400
20240201,13:07:14,2.55,400,46400
20240201,13:07:29,2.55,50,46400
20240201,13:08:02,2.55,100,46400
20240201,13:08:10,2.5,250,46400
20240201,13:08:32,2.5,50,46400
20240201,13:09:02,2.5,50,46400
20240201,13:09:18,2.5,200,46450
20240201,13:10:05,2.5,550,46450
20240201,13:10:13,2.5,50,46450
20240201,13:10:30,2.45,1200,46450
20240201,13:10:38,2.45,550,46450
20240201,13:11:37,2.45,50,46450
20240201,13:12:02,2.5,100,46450
20240201,13:12:10,2.5,100,47300
20240201,13:12:18,2.5,50,47300
20240201,13:12:25,2.5,50,47300
20240201,13:12:41,2.55,250,47300
20240201,13:13:50,2.45,150,47300
20240201,13:14:34,2.5,300,47300
20240201,13:14:56,2.45,50,47300
20240201,13:15:04,2.45,300,47300
20240201,13:15:30,2.45,150,47550
20240201,13:16:32,2.5,50,47550
20240201,13:16:47,2.5,100,47550
20240201,13:16:54,2.5,50,47550
20240201,13:17:39,2.5,100,47550
20240201,13:17:46,2.5,50,47550
20240201,13:18:59,2.5,200,47300
20240201,13:19:07,2.5,500,47300
20240201,13:19:16,2.5,200,47300
20240201,13:19:24,2.5,50,47300
20240201,13:19:47,2.5,100,47300
20240201,13:20:04,2.5,450,47300
20240201,13:20:12,2.5,150,47300
20240201,13:20:20,2.5,50,47300
20240201,13:20:35,2.55,150,47300
20240201,13:20:58,2.55,100,47300
20240201,13:21:13,2.5,50,47900
20240201,13:21:20,2.5,100,47900
20240201,13:22:10,2.5,1650,47900
20240201,13:22:28,2.55,900,47900
20240201,13:23:12,2.45,400,47900
20240201,13:23:20,2.45,100,47900
20240201,13:23:27,2.45,50,47900
20240201,13:23:42,2.5,100,47900
20240201,13:23:49,2.55,3050,47900
20240201,13:24:10,2.45,1900,45900
20240201,13:24:16,2.45,200,45900
20240201,13:24:30,2.5,100,45900
20240201,13:24:46,2.45,600,45900
20240201,13:24:54,2.35,1550,45900
20240201,13:25:19,2.35,1300,45900
20240201,13:26:30,2.4,300,45900
20240201,13:26:38,2.4,50,45900
20240201,13:27:15,2.4,100,46200
20240201,13:27:43,2.4,200,46200
20240201,13:28:00,2.4,50,46200
20240201,13:28:08,2.35,150,46200
20240201,13:28:30,2.4,200,46200
20240201,13:29:17,2.4,50,46200
20240201,13:29:39,2.35,50,46200
20240201,13:30:08,2.35,300,46250
20240201,13:30:14,2.35,50,46250
20240201,13:32:35,2.3,800,46250
20240201,13:33:49,2.25,100,46600
20240201,13:34:06,2.25,1750,46600
20240201,13:34:21,2.25,50,46600
20240201,13:34:28,2.2,1800,46600
20240201,13:34:36,2.2,200,46600
20240201,13:34:43,2.2,100,46600
20240201,13:34:58,2.2,50,46600
20240201,13:35:46,2.2,850,46600
20240201,13:35:53,2.15,100,46600
20240201,13:36:15,2.15,150,48100
20240201,13:36:44,2.2,300,48100
20240201,13:36:51,2.2,150,48100
20240201,13:37:05,2.15,1200,48100
20240201,13:37:12,2.15,50,48100
20240201,13:37:18,2.15,100,48100
20240201,13:37:26,2.1,2500,48100
20240201,13:37:32,2.05,700,48100
20240201,13:37:38,2.05,50,48100
20240201,13:38:05,2.05,100,48100
20240201,13:38:19,2.05,50,48100
20240201,13:39:07,2.0,2050,51800
20240201,13:39:27,2.0,500,51800
20240201,13:39:33,2.05,250,51800
20240201,13:39:46,2.05,600,51800
20240201,13:40:26,2.05,50,51800
20240201,13:42:12,2.0,300,54250
20240201,13:42:29,2.0,550,54250
20240201,13:42:38,2.0,100,54250
20240201,13:42:46,2.0,550,54250
20240201,13:42:53,1.95,1200,54250
20240201,13:44:41,1.95,50,54250
20240201,13:46:44,1.9,500,55200
20240201,13:46:51,1.9,100,55200
20240201,13:47:11,1.85,100,55200
20240201,13:47:51,1.8,100,55200
20240201,13:48:15,1.8,450,55500
20240201,13:48:44,1.75,50,55500
20240201,13:49:06,1.75,950,55500
20240201,13:49:21,1.7,100,55500
20240201,13:50:50,1.8,150,55500
20240201,13:51:04,1.7,600,55500
20240201,13:51:11,1.75,100,57000
20240201,13:52:48,1.75,150,57000
20240201,13:53:52,1.7,100,57000
20240201,13:55:05,1.65,300,57200
20240201,13:55:19,1.6,1850,57200
20240201,13:56:02,1.65,50,57200
20240201,13:56:29,1.65,2350,57200
20240201,13:56:36,1.7,50,57200
20240201,13:56:51,1.7,500,57200
20240201,13:56:59,1.7,50,57200
20240201,13:57:20,1.7,50,57850
20240201,13:57:34,1.7,5600,57850
20240201,13:58:25,1.65,1850,57850
20240201,13:59:10,1.6,400,57850
20240201,14:00:04,1.65,50,57850
20240201,14:00:11,1.65,100,58750
20240201,14:00:26,1.65,150,58750
20240201,14:00:47,1.65,900,58750
20240201,14:00:54,1.6,2750,58750
20240201,14:01:55,1.6,100,58750
20240201,14:02:42,1.55,50,58750
20240201,14:03:08,1.55,100,58450
20240201,14:03:46,1.55,300,58450
20240201,14:03:53,1.55,200,58450
20240201,14:03:59,1.55,50,58450
20240201,14:05:48,1.5,550,58450
20240201,14:06:11,1.5,300,58450
20240201,14:06:24,1.45,800,59850
20240201,14:07:29,1.35,1900,59850
20240201,14:07:37,1.35,50,59850
20240201,14:08:34,1.4,600,59850
20240201,14:08:41,1.45,100,59850
20240201,14:08:57,1.5,750,59850
20240201,14:09:05,1.45,750,59850
20240201,14:09:12,1.5,50,60400
20240201,14:09:19,1.5,150,60400
20240201,14:09:26,1.55,1850,60400
20240201,14:10:06,1.5,2500,60400
20240201,14:10:58,1.5,950,60400
20240201,14:11:05,1.55,50,60400
20240201,14:11:12,1.55,900,60400
20240201,14:11:19,1.5,2150,60400
20240201,14:11:26,1.6,600,60400
20240201,14:12:04,1.55,200,60400
20240201,14:12:10,1.5,750,59750
20240201,14:12:17,1.55,50,59750
20240201,14:12:49,1.5,100,59750
20240201,14:12:58,1.45,200,59750
20240201,14:13:06,1.45,350,59750
20240201,14:13:15,1.45,650,59750
20240201,14:13:24,1.45,1150,59750
20240201,14:13:32,1.45,50,59750
20240201,14:13:47,1.45,550,59750
20240201,14:13:53,1.45,100,59750
20240201,14:14:01,1.45,400,59750
20240201,14:14:09,1.45,250,59750
20240201,14:15:59,1.5,2700,58850
20240201,14:16:05,1.5,300,58850
20240201,14:16:19,1.55,200,58850
20240201,14:16:26,1.55,200,58850
20240201,14:16:33,1.55,1150,58850
20240201,14:16:39,1.55,300,58850
20240201,14:16:45,1.55,50,58850
20240201,14:16:52,1.55,50,58850
20240201,14:16:58,1.6,150,58850
20240201,14:17:06,1.6,50,58850
20240201,14:17:13,1.6,50,58850
20240201,14:17:20,1.6,100,58850
20240201,14:17:27,1.6,100,58850
20240201,14:17:34,1.6,150,58850
20240201,14:17:47,1.6,200,58850
20240201,14:18:00,1.6,50,58850
20240201,14:18:12,1.55,200,59050
20240201,14:18:25,1.6,350,59050
20240201,14:18:38,1.5,250,59050
20240201,14:18:44,1.55,150,59050
20240201,14:19:14,1.6,100,59050
20240201,14:19:20,1.6,50,59050
20240201,14:19:26,1.6,150,59050
20240201,14:19:37,1.6,250,59050
20240201,14:19:43,1.6,350,59050
20240201,14:19:49,1.6,50,59050
20240201,14:19:56,1.6,500,59050
20240201,14:20:01,1.6,1050,59050
20240201,14:20:08,1.6,200,59050
20240201,14:20:15,1.6,150,59050
20240201,14:20:21,1.6,50,59050
20240201,14:20:27,1.6,200,59050
20240201,14:20:45,1.6,50,59050
20240201,14:20:51,1.6,100,59050
20240201,14:20:58,1.55,100,59050
20240201,14:21:30,1.55,50,60900
20240201,14:21:48,1.5,100,60900
20240201,14:21:53,1.55,100,60900
20240201,14:21:59,1.55,50,60900
20240201,14:22:17,1.55,50,60900
20240201,14:22:29,1.55,200,60900
20240201,14:22:40,1.5,50,60900
20240201,14:22:46,1.55,50,60900
20240201,14:22:57,1.5,400,60900
20240201,14:23:03,1.5,200,60900
20240201,14:23:33,1.5,1500,60900
20240201,14:24:02,1.5,850,60900
20240201,14:24:08,1.5,50,60900
20240201,14:24:52,1.5,50,61350
20240201,14:24:58,1.5,250,61350
20240201,14:25:04,1.5,200,61350
20240201,14:25:11,1.5,400,61350
20240201,14:25:17,1.5,600,61350
20240201,14:25:24,1.5,1150,61350
20240201,14:25:30,1.5,1250,61350
20240201,14:25:36,1.45,50,61350
20240201,14:25:49,1.5,150,61350
20240201,14:26:01,1.45,50,61350
20240201,14:26:07,1.45,100,61350
20240201,14:26:13,1.45,100,61350
20240201,14:26:24,1.5,400,61350
20240201,14:26:30,1.45,50,61350
20240201,14:26:41,1.45,350,61350
20240201,14:26:47,1.45,50,61350
20240201,14:26:53,1.45,100,61350
20240201,14:26:59,1.45,100,61350
20240201,14:27:11,1.45,50,61350
20240201,14:28:38,1.5,200,60250
20240201,14:29:15,1.5,100,60250
20240201,14:29:28,1.5,150,60250
20240201,14:29:34,1.5,150,60250
20240201,14:29:43,1.5,100,60250
20240201,14:29:51,1.5,250,60250
20240201,14:29:59,1.55,50,60250
20240201,14:30:09,1.55,300,60250
20240201,14:30:16,1.5,100,59650
20240201,14:30:29,1.5,100,59650
20240201,14:31:02,1.55,50,59650
20240201,14:34:31,1.5,1000,59650
20240201,14:35:36,1.55,600,59650
20240201,14:35:43,1.55,300,59650
20240201,14:36:44,1.6,2450,59600
20240201,14:36:58,1.6,400,59600
20240201,14:37:14,1.55,50,59600
20240201,14:39:04,1.55,200,59600
20240201,14:40:05,1.5,50,59750
20240201,14:40:50,1.5,50,59750
20240201,14:41:03,1.55,300,59750
20240201,14:41:21,1.5,200,59750
20240201,14:41:33,1.6,250,59750
20240201,14:43:36,1.55,900,59900
20240201,14:44:10,1.55,100,59900
20240201,14:45:52,1.5,50,60800
20240201,14:46:39,1.5,1200,60800
20240201,14:47:27,1.5,1300,60800
20240201,14:47:57,1.5,100,60800
20240201,14:48:04,1.5,100,60800
20240201,14:48:11,1.5,300,60800
20240201,14:48:23,1.55,150,61400
20240201,14:48:30,1.55,250,61400
20240201,14:48:50,1.55,50,61400
20240201,14:48:56,1.5,200,61400
20240201,14:50:22,1.45,200,61400
20240201,14:50:38,1.45,250,61400
20240201,14:50:46,1.45,200,61400
20240201,14:50:53,1.45,100,61400
20240201,14:51:02,1.4,400,61400
20240201,14:51:12,1.4,200,61400
20240201,14:51:36,1.4,50,61150
20240201,14:52:04,1.45,450,61150
20240201,14:52:12,1.45,50,61150
20240201,14:52:18,1.4,50,61150
20240201,14:52:39,1.45,150,61150
20240201,14:53:23,1.5,50,61150
20240201,14:58:02,1.55,1100,61600
20240201,14:59:10,1.6,50,61600
20240201,14:59:30,1.55,50,61600
20240201,15:00:10,1.6,50,61600
20240201,15:00:26,1.55,100,62250
20240201,15:01:25,1.55,500,62250
20240201,15:01:32,1.65,200,62250
20240201,15:01:37,1.75,250,62250
20240201,15:01:44,1.75,50,62250
20240201,15:01:50,1.65,400,62250
20240201,15:03:41,1.65,300,62950
20240201,15:04:44,1.65,100,62950
20240201,15:05:23,1.55,500,62950
20240201,15:05:31,1.3,2750,62950
20240201,15:07:04,1.6,100,64650
20240201,15:07:19,1.55,50,64650
20240201,15:07:40,1.55,1000,64650
20240201,15:08:02,1.55,50,64650
20240201,15:08:09,1.6,150,64650
20240201,15:08:31,1.55,100,64650
20240201,15:08:53,1.5,100,64650
20240201,15:10:04,1.55,100,65650
20240201,15:10:27,1.55,100,65650
20240201,15:10:34,1.55,750,65650
20240201,15:11:09,1.55,50,65650
20240201,15:11:23,1.5,500,65650
20240201,15:11:31,1.5,1100,65650
20240201,15:11:38,1.5,50,65650
20240201,15:11:44,1.6,700,65650
20240201,15:12:11,1.55,50,65650
20240201,15:12:19,1.5,300,67700
20240201,15:12:39,1.6,350,67700
20240201,15:13:15,1.55,50,67700
20240201,15:14:06,1.55,850,67700
20240201,15:14:13,1.5,100,67700
20240201,15:14:29,1.45,2500,67700
20240201,15:14:50,1.45,4700,67700
20240201,15:15:10,1.45,350,67700
20240201,15:15:18,1.45,50,69200
20240201,15:15:33,1.55,200,69200
20240201,15:16:11,1.45,2000,69200
20240201,15:16:48,1.55,100,69200
20240201,15:17:04,1.45,2000,69200
20240201,15:17:13,1.45,3100,69200
20240201,15:17:23,1.55,400,69200
20240201,15:17:53,1.5,100,69200
20240201,15:18:00,1.5,400,69200
20240201,15:18:08,1.5,150,69200
20240201,15:18:37,1.45,600,75500
20240201,15:18:44,1.45,2600,75500
20240201,15:18:52,1.4,1050,75500
20240201,15:18:59,1.3,1400,75500
20240201,15:19:06,1.35,150,75500
20240201,15:19:14,1.35,400,75500
20240201,15:19:29,1.4,150,75500
20240201,15:19:58,1.3,900,75500
20240201,15:20:05,1.3,200,75500
20240201,15:20:12,1.3,400,75500
20240201,15:20:34,1.3,100,75500
20240201,15:20:41,1.3,100,75500
20240201,15:20:56,1.25,600,75500
20240201,15:21:19,1.15,1650,74050
20240201,15:21:37,1.15,50,74050
20240201,15:21:47,1.2,150,74050
20240201,15:22:29,1.15,500,74050
20240201,15:23:48,1.25,100,74050
20240201,15:24:03,1.25,50,74050
20240201,15:24:10,1.3,900,74050
20240201,15:24:18,1.3,50,74050
20240201,15:24:27,1.25,850,73750
20240201,15:25:01,1.25,200,73750
20240201,15:25:36,1.25,200,73750
20240201,15:25:49,1.2,1100,73750
20240201,15:25:54,1.25,300,73750
20240201,15:26:00,1.25,350,73750
20240201,15:26:10,1.25,100,73750
20240201,15:27:09,1.25,100,73750
20240201,15:27:38,1.25,3000,75100
20240201,15:27:44,1.3,150,75100
20240201,15:27:50,1.25,50,75100
20240201,15:27:57,1.3,50,75100
20240201,15:28:04,1.25,500,75100
20240201,15:28:10,1.25,1000,75100
20240201,15:28:17,1.25,2250,75100
20240201,15:28:23,1.3,600,75100
20240201,15:28:30,1.25,750,75100
20240201,15:28:37,1.3,1650,75100
20240201,15:28:44,1.35,450,75100
20240201,15:28:51,1.25,1600,75100
20240201,15:28:58,1.25,450,75100
20240201,15:29:05,1.25,550,75100
20240201,15:29:12,1.3,1500,75100
20240201,15:29:20,1.25,50,75100
20240201,15:29:28,1.25,50,75100
20240201,15:29:35,1.25,300,75100
20240201,15:29:42,1.25,250,75100
20240201,15:29:50,1.3,150,75100
20240201,15:29:58,1.3,100,75100
20240202,09:15:01,2.0,1,86350
20240202,09:15:01,2.0,500,86350
20240202,09:15:02,3.65,1700,86350
20240202,09:15:03,3.65,500,86350
20240202,09:15:03,1.9,500,86350
20240202,09:15:04,1.9,550,86350
20240202,09:15:05,1.45,850,86350
20240202,09:15:06,1.45,750,86350
20240202,09:15:07,1.45,1750,86350
20240202,09:15:08,1.45,1500,86350
20240202,09:15:11,1.4,1450,86350
20240202,09:15:12,1.4,2500,86350
20240202,09:15:13,1.45,3200,86350
20240202,09:15:14,1.55,650,86350
20240202,09:15:16,1.45,500,86350
20240202,09:15:17,1.45,950,86350
20240202,09:15:19,1.5,200,86350
20240202,09:15:20,1.5,1150,86350
20240202,09:15:21,1.5,1850,86350
20240202,09:15:22,1.5,100,86350
20240202,09:15:24,1.5,50,86350
20240202,09:15:25,1.5,100,86350
20240202,09:15:26,1.5,50,86350
20240202,09:15:27,1.5,250,86350
20240202,09:15:28,1.5,100,86350
20240202,09:15:29,1.5,4850,86350
20240202,09:15:30,1.55,50,86350
20240202,09:15:33,1.65,3700,86350
20240202,09:15:34,1.45,1700,86350
20240202,09:15:35,1.55,250,86350
20240202,09:15:36,1.45,400,86350
20240202,09:15:37,1.5,50,86350
20240202,09:15:38,1.4,50,86350
20240202,09:15:39,1.5,1700,86350
20240202,09:15:40,1.5,250,86350
20240202,09:15:41,1.5,750,86350
20240202,09:15:42,1.5,1300,86350
20240202,09:15:43,1.45,100,86350
20240202,09:15:44,1.5,750,86350
20240202,09:15:45,1.5,400,86350
20240202,09:15:46,1.45,1300,86350
20240202,09:15:47,1.45,950,86350
20240202,09:15:48,1.5,3400,86350
20240202,09:15:49,1.5,150,86350
20240202,09:15:50,1.5,100,86350
20240202,09:15:52,1.5,550,86350
20240202,09:15:53,1.5,200,86350
20240202,09:15:54,1.5,250,86350
20240202,09:15:55,1.5,250,86350
20240202,09:15:56,1.45,50,86350
20240202,09:15:57,1.55,300,86350
20240202,09:15:58,1.55,200,86350
20240202,09:15:59,1.55,350,86350
20240202,09:16:00,1.5,650,86350
20240202,09:16:01,1.5,50,86350
20240202,09:16:02,1.55,900,86350
20240202,09:16:03,1.6,1300,86350
20240202,09:16:04,1.6,250,86350
20240202,09:16:05,1.6,150,86350
20240202,09:16:06,1.55,50,86350
20240202,09:16:08,1.6,1450,86350
20240202,09:16:10,1.6,350,86350
20240202,09:16:11,1.55,150,86350
20240202,09:16:12,1.55,1400,86350
20240202,09:16:13,1.6,4350,86350
20240202,09:16:14,1.55,300,86350
20240202,09:16:16,1.55,400,86350
20240202,09:16:17,1.55,350,86350
20240202,09:16:18,1.55,100,86350
20240202,09:16:19,1.55,300,86350
20240202,09:16:20,1.55,200,86350
20240202,09:16:21,1.55,100,86350
20240202,09:16:23,1.55,100,86350
20240202,09:16:24,1.55,100,86350
20240202,09:16:25,1.55,300,86350
20240202,09:16:26,1.6,2450,86350
20240202,09:16:27,1.6,500,86350
20240202,09:16:28,1.6,100,86350
20240202,09:16:30,1.6,200,86350
20240202,09:16:31,1.6,200,86350
20240202,09:16:32,1.6,2050,86350
20240202,09:16:33,1.6,1000,86350
20240202,09:16:35,1.6,750,86350
20240202,09:16:36,1.6,600,86350
20240202,09:16:37,1.6,550,86350
20240202,09:16:38,1.6,200,86350
20240202,09:16:39,1.6,250,86350
20240202,09:16:40,1.6,50,86350
20240202,09:16:42,1.65,150,86350
20240202,09:16:44,1.6,100,86350
20240202,09:16:46,1.65,400,86350
20240202,09:16:47,1.6,400,86350
20240202,09:16:48,1.65,950,86350
20240202,09:16:49,1.65,50,86350
20240202,09:16:51,1.65,150,86350
20240202,09:16:54,1.65,500,86350
20240202,09:16:55,1.65,600,86350
20240202,09:16:58,1.7,900,86350
20240202,09:16:59,1.65,650,86350
20240202,09:17:00,1.6,1100,86350
20240202,09:17:01,1.6,800,86350
20240202,09:17:02,1.6,5650,86350
20240202,09:17:03,1.6,3500,86350
20240202,09:17:04,1.6,150,86350
20240202,09:17:09,1.6,300,86350
20240202,09:17:10,1.6,100,86350
20240202,09:17:11,1.55,2900,86350
20240202,09:17:13,1.55,50,130300
20240202,09:17:15,1.55,50,130300
20240202,09:17:17,1.55,50,130300
20240202,09:17:19,1.55,1150,130300
20240202,09:17:22,1.55,50,130300
20240202,09:17:23,1.55,500,130300
20240202,09:17:25,1.55,150,130300
20240202,09:17:26,1.55,150,130300
20240202,09:17:27,1.55,50,130300
20240202,09:17:28,1.55,150,130300
20240202,09:17:30,1.55,500,130300
20240202,09:17:31,1.55,100,130300
20240202,09:17:33,1.55,50,130300
20240202,09:17:35,1.55,1800,130300
20240202,09:17:38,1.55,100,130300
20240202,09:17:40,1.55,50,130300
20240202,09:17:42,1.5,50,130300
20240202,09:17:43,1.55,50,130300
20240202,09:17:46,1.55,500,130300
20240202,09:17:47,1.55,800,130300
20240202,09:17:50,1.55,1150,130300
20240202,09:17:51,1.55,100,130300
20240202,09:17:59,1.55,200,130300
20240202,09:18:01,1.6,250,130300
20240202,09:18:03,1.55,250,130300
20240202,09:18:04,1.6,700,130300
20240202,09:18:05,1.6,50,130300
20240202,09:18:08,1.55,1600,130300
20240202,09:18:09,1.55,1450,130300
20240202,09:18:11,1.6,50,130300
20240202,09:18:11,1.5,500,130300
20240202,09:18:12,1.55,100,130300
20240202,09:18:13,1.55,50,130300
20240202,09:18:14,1.5,400,130300
20240202,09:18:15,1.5,2000,130300
20240202,09:18:16,1.5,4650,130300
20240202,09:18:18,1.55,6550,130300
20240202,09:18:19,1.5,100,130300
20240202,09:18:20,1.55,50,130300
20240202,09:18:21,1.55,350,130300
20240202,09:18:22,1.5,300,130300
20240202,09:18:26,1.55,200,130300
20240202,09:18:28,1.55,1600,130300
20240202,09:18:29,1.55,550,130300
20240202,09:18:35,1.55,50,130300
20240202,09:18:47,1.55,50,130300
20240202,09:18:49,1.55,400,130300
20240202,09:18:52,1.55,10800,130300
20240202,09:18:52,1.55,4000,130300
20240202,09:18:53,1.5,3250,130300
20240202,09:18:54,1.45,1500,130300
20240202,09:18:57,1.5,100,130300
20240202,09:19:01,1.5,50,130300
20240202,09:19:02,1.5,1200,130300
20240202,09:19:03,1.5,200,130300
20240202,09:19:03,1.5,100,130300
20240202,09:19:08,1.45,50,130300
20240202,09:19:10,1.45,1000,130300
20240202,09:19:18,1.45,200,130300
20240202,09:19:18,1.5,50,130300
20240202,09:19:19,1.5,100,130300
20240202,09:19:22,1.5,1000,130300
20240202,09:19:24,1.5,450,130300
20240202,09:19:24,1.5,1800,130300
20240202,09:19:27,1.5,50,130300
20240202,09:19:28,1.5,100,130300
20240202,09:19:33,1.5,200,130300
20240202,09:19:35,1.45,1000,130300
20240202,09:19:37,1.5,150,130300
20240202,09:19:38,1.5,100,130300
20240202,09:19:39,1.5,5300,130300
20240202,09:19:40,1.5,50,130300
20240202,09:19:41,1.5,50,130300
20240202,09:19:44,1.5,50,130300
20240202,09:19:46,1.5,100,130300
20240202,09:19:46,1.5,1800,130300
20240202,09:19:47,1.5,200,130300
20240202,09:19:53,1.5,50,130300
20240202,09:19:54,1.45,100,130300
20240202,09:19:55,1.5,150,130300
20240202,09:19:56,1.5,50,130300
20240202,09:19:57,1.5,50,130300
20240202,09:20:00,1.5,100,130300
20240202,09:20:01,1.5,200,130300
20240202,09:20:02,1.5,200,130300
20240202,09:20:04,1.5,50,130300
20240202,09:20:08,1.5,200,130300
20240202,09:20:09,1.5,1450,130300
20240202,09:20:09,1.5,200,130300
20240202,09:20:10,1.55,2500,130300
20240202,09:20:12,1.55,150,151150
20240202,09:20:14,1.55,50,151150
20240202,09:20:15,1.55,100,151150
20240202,09:20:16,1.55,7300,151150
20240202,09:20:17,1.5,800,151150
20240202,09:20:18,1.45,1500,151150
20240202,09:20:19,1.45,3950,151150
20240202,09:20:20,1.55,400,151150
20240202,09:20:22,1.5,3300,151150
20240202,09:20:24,1.5,1600,151150
20240202,09:20:25,1.5,2700,151150
20240202,09:20:27,1.55,300,151150
20240202,09:20:28,1.55,150,151150
20240202,09:20:30,1.55,50,151150
20240202,09:20:31,1.5,1600,151150
20240202,09:20:32,1.5,1400,151150
20240202,09:20:32,1.5,450,151150
20240202,09:20:33,1.5,550,151150
20240202,09:20:34,1.5,300,151150
20240202,09:20:36,1.5,1100,151150
20240202,09:20:39,1.5,50,151150
20240202,09:20:39,1.5,100,151150
20240202,09:20:40,1.5,100,151150
20240202,09:20:41,1.5,100,151150
20240202,09:20:44,1.5,100,151150
20240202,09:20:45,1.5,1050,151150
20240202,09:20:47,1.5,50,151150
20240202,09:20:49,1.5,200,151150
20240202,09:20:52,1.5,100,151150
20240202,09:20:54,1.5,50,151150
20240202,09:20:55,1.45,250,151150
20240202,09:20:57,1.5,50,151150
20240202,09:20:59,1.45,600,151150
20240202,09:21:00,1.5,200,151150
20240202,09:21:01,1.5,3100,151150
20240202,09:21:03,1.55,200,151150
20240202,09:21:07,1.55,50,151150
20240202,09:21:08,1.55,150,151150
20240202,09:21:10,1.6,2950,151150
20240202,09:21:12,1.6,100,151150
20240202,09:21:13,1.6,100,151150
20240202,09:21:15,1.6,300,151150
20240202,09:21:16,1.6,50,151150
20240202,09:21:17,1.65,1050,151150
20240202,09:21:18,1.6,6800,151150
20240202,09:21:18,1.6,200,151150
20240202,09:21:19,1.6,250,151150
20240202,09:21:21,1.6,450,151150
20240202,09:21:22,1.6,250,151150
20240202,09:21:23,1.6,4250,151150
20240202,09:21:24,1.65,200,151150
20240202,09:21:25,1.65,200,151150
20240202,09:21:26,1.65,2200,151150
20240202,09:21:27,1.65,200,151150
20240202,09:21:29,1.65,100,151150
20240202,09:21:30,1.65,3600,151150
20240202,09:21:32,1.65,250,151150
20240202,09:21:33,1.65,50,151150
20240202,09:21:34,1.6,150,151150
20240202,09:21:35,1.65,50,151150
20240202,09:21:38,1.65,2750,151150
20240202,09:21:40,1.6,12250,151150
20240202,09:21:42,1.65,50,151150
20240202,09:21:43,1.6,400,151150
20240202,09:21:45,1.6,4950,151150
20240202,09:21:46,1.6,50,151150
20240202,09:21:48,1.6,200,151150
20240202,09:21:51,1.6,100,151150
20240202,09:21:58,1.6,250,151150
20240202,09:22:00,1.55,50,151150
20240202,09:22:02,1.55,250,151150
20240202,09:22:03,1.6,800,151150
20240202,09:22:05,1.6,100,151150
20240202,09:22:06,1.55,200,151150
20240202,09:22:06,1.6,200,151150
20240202,09:22:08,1.6,200,151150
20240202,09:22:12,1.55,700,151150
20240202,09:22:13,1.55,1900,151150
20240202,09:22:16,1.55,50,151150
20240202,09:22:18,1.5,200,151150
20240202,09:22:20,1.55,100,151150
20240202,09:22:23,1.55,200,151150
20240202,09:22:24,1.55,100,151150
20240202,09:22:25,1.5,1800,151150
20240202,09:22:27,1.55,50,151150
20240202,09:22:28,1.5,100,151150
20240202,09:22:31,1.5,200,151150
20240202,09:22:32,1.5,1600,151150
20240202,09:22:34,1.5,200,151150
20240202,09:22:38,1.5,300,151150
20240202,09:22:39,1.5,250,151150
20240202,09:22:40,1.5,200,151150
20240202,09:22:42,1.55,250,151150
20240202,09:22:46,1.5,50,151150
20240202,09:22:49,1.55,1900,151150
20240202,09:22:51,1.5,200,151150
20240202,09:22:52,1.5,600,151150
20240202,09:22:53,1.5,300,151150
20240202,09:22:54,1.55,50,151150
20240202,09:22:55,1.5,1500,151150
20240202,09:22:56,1.55,100,151150
20240202,09:22:59,1.55,50,151150
20240202,09:23:00,1.55,50,151150
20240202,09:23:01,1.55,200,151150
20240202,09:23:04,1.5,200,151150
20240202,09:23:05,1.5,200,151150
20240202,09:23:06,1.5,200,151150
20240202,09:23:07,1.55,6150,151150
20240202,09:23:09,1.6,500,151150
20240202,09:23:11,1.55,150,151150
20240202,09:23:13,1.55,50,179500
20240202,09:23:15,1.55,1800,179500
20240202,09:23:18,1.6,50,179500
20240202,09:23:19,1.55,50,179500
20240202,09:23:23,1.6,50,179500
20240202,09:23:24,1.55,50,179500
20240202,09:23:26,1.6,50,179500
20240202,09:23:27,1.55,5700,179500
20240202,09:23:28,1.55,100,179500
20240202,09:23:29,1.5,1800,179500
20240202,09:23:31,1.55,100,179500
20240202,09:23:35,1.55,50,179500
20240202,09:23:39,1.55,50,179500
20240202,09:23:44,1.55,250,179500
20240202,09:23:48,1.55,600,179500
20240202,09:23:53,1.55,50,179500
20240202,09:23:54,1.55,50,179500
20240202,09:23:56,1.55,4250,179500
20240202,09:24:02,1.55,50,179500
20240202,09:24:12,1.55,50,179500
20240202,09:24:13,1.55,50,179500
20240202,09:24:14,1.55,50,179500
20240202,09:24:16,1.5,200,179500
20240202,09:24:27,1.55,50,179500
20240202,09:24:31,1.55,50,179500
20240202,09:24:34,1.5,150,179500
20240202,09:24:37,1.55,50,179500
20240202,09:24:41,1.5,150,179500
20240202,09:24:44,1.55,50,179500
20240202,09:24:50,1.55,100,179500
20240202,09:24:52,1.55,50,179500
20240202,09:24:55,1.5,1800,179500
20240202,09:25:04,1.5,50,179500
20240202,09:25:05,1.5,1800,179500
20240202,09:25:07,1.55,2750,179500
20240202,09:25:08,1.55,200,179500
20240202,09:25:09,1.6,50,179500
20240202,09:25:10,1.55,100,179500
20240202,09:25:13,1.55,100,179500
20240202,09:25:15,1.6,50,179500
20240202,09:25:16,1.6,350,179500
20240202,09:25:19,1.55,1050,179500
20240202,09:25:21,1.55,100,179500
20240202,09:25:22,1.6,50,179500
20240202,09:25:23,1.6,50,179500
20240202,09:25:25,1.55,100,179500
20240202,09:25:27,1.6,50,179500
20240202,09:25:29,1.6,750,179500
20240202,09:25:31,1.55,150,179500
20240202,09:25:33,1.55,100,179500
20240202,09:25:38,1.55,100,179500
20240202,09:25:40,1.6,1200,179500
20240202,09:25:41,1.6,4400,179500
20240202,09:25:42,1.6,2550,179500
20240202,09:25:48,1.6,50,179500
20240202,09:25:50,1.55,750,179500
20240202,09:25:51,1.55,4250,179500
20240202,09:25:57,1.6,1650,179500
20240202,09:25:58,1.6,550,179500
20240202,09:25:59,1.6,3400,179500
20240202,09:26:00,1.6,100,179500
20240202,09:26:01,1.55,100,179500
20240202,09:26:02,1.55,50,179500
20240202,09:26:03,1.55,50,179500
20240202,09:26:04,1.55,150,179500
20240202,09:26:05,1.6,100,179500
20240202,09:26:06,1.55,50,179500
20240202,09:26:07,1.55,50,179500
20240202,09:26:08,1.6,300,179500
20240202,09:26:09,1.55,100,179500
20240202,09:26:10,1.6,100,179500
20240202,09:26:12,1.55,50,179500
20240202,09:26:13,1.55,4500,179500
20240202,09:26:14,1.55,50,178350
20240202,09:26:15,1.55,150,178350
20240202,09:26:16,1.55,50,178350
20240202,09:26:17,1.55,100,178350
20240202,09:26:18,1.55,100,178350
20240202,09:26:19,1.55,50,178350
20240202,09:26:20,1.55,100,178350
20240202,09:26:21,1.55,50,178350
20240202,09:26:22,1.55,50,178350
20240202,09:26:23,1.55,50,178350
20240202,09:26:25,1.55,50,178350
20240202,09:26:26,1.55,150,178350
20240202,09:26:28,1.55,50,178350
20240202,09:26:29,1.55,4800,178350
20240202,09:26:31,1.6,100,178350
20240202,09:26:32,1.55,100,178350
20240202,09:26:33,1.55,1950,178350
20240202,09:26:36,1.5,150,178350
20240202,09:26:37,1.55,100,178350
20240202,09:26:38,1.55,50,178350
20240202,09:26:39,1.55,50,178350
20240202,09:26:40,1.55,200,178350
20240202,09:26:41,1.55,50,178350
20240202,09:26:42,1.55,100,178350
20240202,09:26:45,1.55,1250,178350
20240202,09:26:46,1.55,150,178350
20240202,09:26:49,1.55,50,178350
20240202,09:26:50,1.55,100,178350
20240202,09:26:54,1.55,250,178350
20240202,09:27:04,1.6,100,178350
20240202,09:27:05,1.6,100,178350
20240202,09:27:09,1.6,100,178350
20240202,09:27:12,1.65,5750,178350
20240202,09:27:13,1.6,250,178350
20240202,09:27:23,1.6,100,178350
20240202,09:27:24,1.6,2650,178350
20240202,09:27:29,1.6,450,178350
20240202,09:27:30,1.6,200,178350
20240202,09:27:35,1.6,50,178350
20240202,09:27:36,1.55,50,178350
20240202,09:27:40,1.6,100,178350
20240202,09:27:44,1.55,250,178350
20240202,09:27:46,1.6,100,178350
20240202,09:27:49,1.55,50,178350
20240202,09:27:50,1.6,150,178350
20240202,09:27:54,1.6,250,178350
20240202,09:27:55,1.6,500,178350
20240202,09:28:00,1.6,50,178350
20240202,09:28:02,1.55,50,178350
20240202,09:28:05,1.6,50,178350
20240202,09:28:06,1.6,50,178350
20240202,09:28:07,1.55,5650,178350
20240202,09:28:08,1.55,1300,178350
20240202,09:28:10,1.55,50,178350
20240202,09:28:11,1.55,1400,178350
20240202,09:28:14,1.5,3350,178350
20240202,09:28:16,1.55,100,178350
20240202,09:28:21,1.55,300,178350
20240202,09:28:22,1.5,1350,178350
20240202,09:28:25,1.55,600,178350
20240202,09:28:26,1.55,50,178350
20240202,09:28:31,1.5,1200,178350
20240202,09:28:32,1.55,50,178350
20240202,09:28:35,1.55,1100,178350
20240202,09:28:36,1.55,50,178350
20240202,09:28:37,1.55,50,178350
20240202,09:28:39,1.55,50,178350
20240202,09:28:42,1.55,100,178350
20240202,09:28:51,1.5,50,178350
20240202,09:28:55,1.55,50,178350
20240202,09:29:00,1.55,200,178350
20240202,09:29:03,1.55,50,178350
20240202,09:29:03,1.5,50,178350
20240202,09:29:04,1.55,50,178350
20240202,09:29:06,1.55,50,178350
20240202,09:29:10,1.55,100,178350
20240202,09:29:13,1.5,1900,178350
20240202,09:29:13,1.5,650,178350
20240202,09:29:14,1.55,200,188750
20240202,09:29:16,1.5,150,188750
20240202,09:29:17,1.5,1000,188750
20240202,09:29:18,1.55,1100,188750
20240202,09:29:19,1.5,1050,188750
20240202,09:29:20,1.5,650,188750
20240202,09:29:21,1.5,600,188750
20240202,09:29:22,1.5,1000,188750
20240202,09:29:23,1.5,350,188750
20240202,09:29:25,1.5,1250,188750
20240202,09:29:26,1.5,1400,188750
20240202,09:29:28,1.5,150,188750
20240202,09:29:32,1.5,200,188750
20240202,09:29:35,1.5,100,188750
20240202,09:29:38,1.5,100,188750
20240202,09:29:41,1.5,100,188750
20240202,09:29:41,1.5,300,188750
20240202,09:29:42,1.5,300,188750
20240202,09:29:44,1.5,500,188750
20240202,09:29:48,1.5,250,188750
20240202,09:29:48,1.5,500,188750
20240202,09:29:51,1.5,200,188750
20240202,09:29:57,1.5,50,188750
20240202,09:30:00,1.5,50,188750
20240202,09:30:01,1.5,50,188750
20240202,09:30:02,1.5,50,188750
20240202,09:30:04,1.5,250,188750
20240202,09:30:08,1.5,1150,188750
20240202,09:30:08,1.5,50,188750
20240202,09:30:10,1.55,50,188750
20240202,09:30:12,1.55,500,188750
20240202,09:30:17,1.55,250,188750
20240202,09:30:18,1.55,100,188750
20240202,09:30:22,1.5,50,188750
20240202,09:30:24,1.5,50,188750
20240202,09:30:25,1.5,400,188750
20240202,09:30:35,1.55,50,188750
20240202,09:30:36,1.55,100,188750
20240202,09:30:39,1.55,50,188750
20240202,09:30:41,1.5,900,188750
20240202,09:30:47,1.5,300,188750
20240202,09:30:48,1.5,4900,188750
20240202,09:30:50,1.5,600,188750
20240202,09:30:52,1.45,100,188750
20240202,09:30:53,1.45,50,188750
20240202,09:30:54,1.45,150,188750
20240202,09:30:55,1.5,400,188750
20240202,09:30:56,1.45,50,188750
20240202,09:30:58,1.5,550,188750
20240202,09:31:04,1.5,600,188750
20240202,09:31:09,1.45,50,188750
20240202,09:31:11,1.5,50,188750
20240202,09:31:14,1.5,2150,188750
20240202,09:31:16,1.5,500,188750
20240202,09:31:17,1.5,1300,188750
20240202,09:31:19,1.5,850,188750
20240202,09:31:20,1.5,150,188750
20240202,09:31:24,1.45,50,188750
20240202,09:31:25,1.5,2650,188750
20240202,09:31:26,1.45,650,188750
20240202,09:31:30,1.45,200,188750
20240202,09:31:34,1.5,300,188750
20240202,09:31:35,1.5,950,188750
20240202,09:31:36,1.45,50,188750
20240202,09:31:39,1.5,50,188750
20240202,09:31:43,1.5,250,188750
20240202,09:31:45,1.5,50,188750
20240202,09:31:47,1.45,50,188750
20240202,09:31:48,1.5,300,188750
20240202,09:31:51,1.5,300,188750
20240202,09:31:52,1.5,100,188750
20240202,09:31:53,1.5,1800,188750
20240202,09:31:59,1.45,100,188750
20240202,09:32:02,1.5,250,188750
20240202,09:32:04,1.5,100,188750
20240202,09:32:04,1.5,200,188750
20240202,09:32:06,1.45,150,188750
20240202,09:32:08,1.5,3000,188750
20240202,09:32:08,1.5,100,188750
20240202,09:32:09,1.5,700,188750
20240202,09:32:10,1.5,3400,188750
20240202,09:32:12,1.5,200,188750
20240202,09:32:16,1.5,100,203550
20240202,09:32:24,1.55,50,203550
20240202,09:32:25,1.5,500,203550
20240202,09:32:26,1.5,50,203550
20240202,09:32:27,1.55,50,203550
20240202,09:32:29,1.55,150,203550
20240202,09:32:33,1.55,50,203550
20240202,09:32:35,1.55,50,203550
20240202,09:32:36,1.55,700,203550
20240202,09:32:38,1.55,50,203550
20240202,09:32:39,1.5,3350,203550
20240202,09:32:40,1.5,100,203550
20240202,09:32:44,1.5,50,203550
20240202,09:32:49,1.5,1250,203550
20240202,09:32:50,1.5,2150,203550
20240202,09:32:51,1.55,50,203550
20240202,09:32:52,1.5,100,203550
20240202,09:32:54,1.5,150,203550
20240202,09:32:57,1.55,100,203550
20240202,09:33:01,1.5,150,203550
20240202,09:33:01,1.55,150,203550
20240202,09:33:04,1.55,50,203550
20240202,09:33:07,1.5,1000,203550
20240202,09:33:10,1.55,100,203550
20240202,09:33:13,1.55,100,203550
20240202,09:33:16,1.55,100,203550
20240202,09:33:20,1.55,50,203550
20240202,09:33:22,1.55,100,203550
20240202,09:33:25,1.5,50,203550
20240202,09:33:25,1.55,500,203550
20240202,09:33:26,1.55,250,203550
20240202,09:33:30,1.55,50,203550
20240202,09:33:31,1.55,300,203550
20240202,09:33:33,1.55,50,203550
20240202,09:33:35,1.55,50,203550
20240202,09:33:44,1.55,50,203550
20240202,09:33:49,1.55,50,203550
20240202,09:33:52,1.55,50,203550
20240202,09:33:57,1.55,100,203550
20240202,09:33:59,1.55,50,203550
20240202,09:34:02,1.55,2150,203550
20240202,09:34:03,1.55,50,203550
20240202,09:34:09,1.55,50,203550
20240202,09:34:18,1.55,50,203550
20240202,09:34:19,1.55,100,203550
20240202,09:34:24,1.55,100,203550
20240202,09:34:27,1.55,50,203550
20240202,09:34:29,1.55,100,203550
20240202,09:34:36,1.55,100,203550
20240202,09:34:44,1.5,100,203550
20240202,09:34:47,1.55,100,203550
20240202,09:34:52,1.5,50,203550
20240202,09:34:54,1.5,1550,203550
20240202,09:34:59,1.5,50,203550
20240202,09:35:01,1.5,1050,203550
20240202,09:35:04,1.5,50,203550
20240202,09:35:06,1.5,100,203550
20240202,09:35:08,1.55,1100,203550
20240202,09:35:09,1.5,100,203550
20240202,09:35:11,1.55,50,203550
20240202,09:35:12,1.5,150,203550
20240202,09:35:13,1.5,150,203550
20240202,09:35:14,1.55,50,203550
20240202,09:35:16,1.5,50,209250
20240202,09:35:17,1.5,50,209250
20240202,09:35:19,1.5,150,209250
20240202,09:35:20,1.55,50,209250
20240202,09:35:21,1.5,50,209250
20240202,09:35:22,1.5,100,209250
20240202,09:35:23,1.55,50,209250
20240202,09:35:24,1.5,150,209250
20240202,09:35:26,1.5,50,209250
20240202,09:35:28,1.5,50,209250
20240202,09:35:31,1.5,100,209250
20240202,09:35:33,1.5,50,209250
20240202,09:35:33,1.55,50,209250
20240202,09:35:34,1.5,100,209250
20240202,09:35:35,1.5,50,209250
20240202,09:35:37,1.5,150,209250
20240202,09:35:39,1.5,150,209250
20240202,09:35:42,1.5,100,209250
20240202,09:35:45,1.5,400,209250
20240202,09:35:45,1.55,50,209250
20240202,09:35:46,1.5,50,209250
20240202,09:35:47,1.5,100,209250
20240202,09:35:48,1.5,50,209250
20240202,09:35:49,1.5,100,209250
20240202,09:35:50,1.5,50,209250
20240202,09:35:52,1.5,150,209250
20240202,09:35:54,1.5,100,209250
20240202,09:35:55,1.55,100,209250
20240202,09:35:56,1.5,50,209250
20240202,09:35:59,1.5,50,209250
20240202,09:36:02,1.5,50,209250
20240202,09:36:04,1.5,100,209250
20240202,09:36:05,1.55,150,209250
20240202,09:36:06,1.5,100,209250
20240202,09:36:08,1.5,150,209250
20240202,09:36:08,1.5,1000,209250
20240202,09:36:11,1.5,50,209250
20240202,09:36:13,1.5,50,209250
20240202,09:36:14,1.55,50,209250
20240202,09:36:15,1.5,100,209250
20240202,09:36:18,1.55,150,209250
20240202,09:36:20,1.5,50,209250
20240202,09:36:21,1.5,100,209250
20240202,09:36:22,1.5,50,209250
20240202,09:36:23,1.5,100,209250
20240202,09:36:24,1.55,500,209250
20240202,09:36:25,1.5,100,209250
20240202,09:36:26,1.5,50,209250
20240202,09:36:27,1.5,200,209250
20240202,09:36:28,1.5,50,209250
20240202,09:36:29,1.55,300,209250
20240202,09:36:30,1.5,100,209250
20240202,09:36:31,1.55,550,209250
20240202,09:36:31,1.5,50,209250
20240202,09:36:32,1.5,100,209250
20240202,09:36:33,1.55,50,209250
20240202,09:36:34,1.5,50,209250
20240202,09:36:36,1.5,50,209250
20240202,09:36:39,1.5,50,209250
20240202,09:36:40,1.5,550,209250
20240202,09:36:41,1.5,50,209250
20240202,09:36:43,1.5,1050,209250
20240202,09:36:45,1.5,100,209250
20240202,09:36:48,1.5,100,209250
20240202,09:36:49,1.55,200,209250
20240202,09:36:50,1.5,50,209250
20240202,09:36:51,1.55,150,209250
20240202,09:36:52,1.5,50,209250
20240202,09:36:53,1.5,100,209250
20240202,09:36:55,1.5,50,209250
20240202,09:36:56,1.5,6400,209250
20240202,09:36:59,1.5,5900,209250
20240202,09:37:03,1.5,900,209250
20240202,09:37:05,1.45,50,209250
20240202,09:37:06,1.5,50,209250
20240202,09:37:07,1.45,50,209250
20240202,09:37:10,1.5,50,209250
20240202,09:37:12,1.45,3300,209250
20240202,09:37:13,1.45,250,209250
20240202,09:37:14,1.45,200,209250
20240202,09:37:16,1.45,2900,209250
20240202,09:37:17,1.4,10200,209250
20240202,09:37:18,1.4,1100,209250
20240202,09:37:19,1.4,50,209250
20240202,09:37:20,1.4,100,209250
20240202,09:37:24,1.4,50,209250
20240202,09:37:30,1.45,100,209250
20240202,09:37:32,1.45,50,209250
20240202,09:37:33,1.4,200,209250
20240202,09:37:36,1.4,300,209250
20240202,09:37:38,1.4,150,209250
20240202,09:37:39,1.45,50,209250
20240202,09:37:40,1.45,200,209250
20240202,09:37:46,1.4,50,209250
20240202,09:37:47,1.45,50,209250
20240202,09:37:48,1.4,1100,209250
20240202,09:37:49,1.45,250,209250
20240202,09:37:53,1.4,50,209250
20240202,09:37:55,1.45,350,209250
20240202,09:37:56,1.4,50,209250
20240202,09:37:58,1.45,100,209250
20240202,09:38:01,1.4,50,209250
20240202,09:38:02,1.45,50,209250
20240202,09:38:03,1.45,250,209250
20240202,09:38:05,1.45,1000,209250
20240202,09:38:10,1.4,50,209250
20240202,09:38:11,1.45,50,209250
20240202,09:38:12,1.4,50,209250
20240202,09:38:15,1.4,50,209250
20240202,09:38:16,1.45,150,217250
20240202,09:38:19,1.45,150,217250
20240202,09:38:24,1.45,800,217250
20240202,09:38:25,1.45,50,217250
20240202,09:38:26,1.4,50,217250
20240202,09:38:27,1.45,50,217250
20240202,09:38:32,1.4,500,217250
20240202,09:38:36,1.4,50,217250
20240202,09:38:38,1.45,50,217250
20240202,09:38:41,1.4,1800,217250
20240202,09:38:54,1.4,1600,217250
20240202,09:38:55,1.45,50,217250
20240202,09:38:57,1.4,150,217250
20240202,09:38:59,1.45,500,217250
20240202,09:39:01,1.4,100,217250
20240202,09:39:12,1.45,100,217250
20240202,09:39:13,1.45,100,217250
20240202,09:39:14,1.4,350,217250
20240202,09:39:18,1.45,50,217250
20240202,09:39:29,1.4,50,217250
20240202,09:39:30,1.45,150,217250
20240202,09:39:31,1.45,1800,217250
20240202,09:39:34,1.4,50,217250
20240202,09:39:40,1.4,50,217250
20240202,09:39:43,1.45,1700,217250
20240202,09:39:44,1.45,1800,217250
20240202,09:39:45,1.4,50,217250
20240202,09:39:50,1.45,50,217250
20240202,09:39:53,1.4,900,217250
20240202,09:40:03,1.45,500,217250
20240202,09:40:05,1.4,50,217250
20240202,09:40:11,1.4,50,217250
20240202,09:40:17,1.4,150,217250
20240202,09:40:21,1.45,150,217250
20240202,09:40:23,1.4,50,217250
20240202,09:40:29,1.4,1600,217250
20240202,09:40:31,1.45,50,217250
20240202,09:40:33,1.45,100,217250
20240202,09:40:35,1.4,50,217250
20240202,09:40:39,1.4,2000,217250
20240202,09:40:49,1.4,6100,217250
20240202,09:41:01,1.45,200,217250
20240202,09:41:03,1.45,50,217250
20240202,09:41:03,1.4,150,217250
20240202,09:41:04,1.4,200,217250
20240202,09:41:06,1.4,2800,217250
20240202,09:41:07,1.4,3000,217250
20240202,09:41:09,1.4,150,217250
20240202,09:41:15,1.4,100,217250
20240202,09:41:17,1.4,500,237450
20240202,09:41:20,1.4,50,237450
20240202,09:41:22,1.4,50,237450
20240202,09:41:27,1.4,50,237450
20240202,09:41:29,1.4,200,237450
20240202,09:41:30,1.4,6900,237450
20240202,09:41:35,1.4,100,237450
20240202,09:41:37,1.35,700,237450
20240202,09:41:45,1.3,9100,237450
20240202,09:41:46,1.3,50,237450
20240202,09:41:48,1.3,100,237450
20240202,09:41:53,1.3,50,237450
20240202,09:42:02,1.3,50,237450
20240202,09:42:05,1.3,50,237450
20240202,09:42:06,1.3,1950,237450
20240202,09:42:11,1.3,1200,237450
20240202,09:42:17,1.3,50,237450
20240202,09:42:19,1.3,200,237450
20240202,09:42:20,1.35,1800,237450
20240202,09:42:31,1.3,2350,237450
20240202,09:42:33,1.3,3050,237450
20240202,09:42:36,1.3,50,237450
20240202,09:42:39,1.3,100,237450
20240202,09:42:40,1.3,3500,237450
20240202,09:42:41,1.25,550,237450
20240202,09:42:42,1.25,250,237450
20240202,09:42:45,1.25,50,237450
20240202,09:43:02,1.25,250,237450
20240202,09:43:04,1.25,50,237450
20240202,09:43:12,1.25,1850,237450
20240202,09:43:20,1.25,50,237450
20240202,09:43:21,1.25,3300,237450
20240202,09:43:23,1.25,100,237450
20240202,09:43:25,1.2,2700,237450
20240202,09:43:26,1.2,250,237450
20240202,09:43:35,1.2,500,237450
20240202,09:43:36,1.2,50,237450
20240202,09:43:41,1.2,50,237450
20240202,09:43:48,1.2,100,237450
20240202,09:43:52,1.2,100,237450
20240202,09:43:53,1.2,50,237450
20240202,09:43:55,1.2,250,237450
20240202,09:43:56,1.2,250,237450
20240202,09:43:57,1.25,500,237450
20240202,09:43:58,1.2,50,237450
20240202,09:44:03,1.2,1000,237450
20240202,09:44:07,1.2,50,237450
20240202,09:44:12,1.2,50,237450
20240202,09:44:14,1.25,300,237450
20240202,09:44:16,1.2,10150,236000
20240202,09:44:20,1.25,50,236000
20240202,09:44:22,1.2,1800,236000
20240202,09:44:30,1.25,50,236000
20240202,09:44:34,1.2,50,236000
20240202,09:44:52,1.25,150,236000
20240202,09:45:00,1.25,250,236000
20240202,09:45:01,1.25,200,236000
20240202,09:45:05,1.25,500,236000
20240202,09:45:06,1.25,50,236000
20240202,09:45:07,1.2,500,236000
20240202,09:45:10,1.25,1500,236000
20240202,09:45:15,1.25,800,236000
20240202,09:45:20,1.25,750,236000
20240202,09:45:23,1.2,350,236000
20240202,09:45:25,1.25,2000,236000
20240202,09:45:29,1.2,1000,236000
20240202,09:45:30,1.25,2750,236000
20240202,09:45:35,1.25,250,236000
20240202,09:45:40,1.25,250,236000
20240202,09:45:42,1.2,1650,236000
20240202,09:45:52,1.2,1650,236000
20240202,09:46:06,1.2,1600,236000
20240202,09:46:18,1.2,2250,236000
20240202,09:46:18,1.2,850,236000
20240202,09:46:27,1.2,800,236000
20240202,09:46:37,1.15,6800,236000
20240202,09:46:39,1.15,200,236000
20240202,09:46:40,1.15,1000,236000
20240202,09:46:45,1.15,50,236000
20240202,09:46:46,1.15,550,236000
20240202,09:46:47,1.15,1750,236000
20240202,09:46:56,1.1,100,236000
20240202,09:47:00,1.1,100,236000
20240202,09:47:01,1.1,500,236000
20240202,09:47:03,1.15,250,236000
20240202,09:47:06,1.1,1200,236000
20240202,09:47:11,1.15,100,236000
20240202,09:47:12,1.15,4250,236000
20240202,09:47:13,1.15,100,236000
20240202,09:47:20,1.2,1200,236000
20240202,09:47:35,1.15,250,232750
20240202,09:47:50,1.2,50,232750
20240202,09:47:55,1.15,300,232750
20240202,09:48:02,1.15,50,232750
20240202,09:48:04,1.15,1850,232750
20240202,09:48:05,1.2,250,232750
20240202,09:48:07,1.2,550,232750
20240202,09:48:09,1.2,50,232750
20240202,09:48:12,1.2,50,232750
20240202,09:48:18,1.2,500,232750
20240202,09:48:58,1.15,50,232750
20240202,09:49:09,1.2,50,232750
20240202,09:49:17,1.15,350,232750
20240202,09:49:22,1.2,50,232750
20240202,09:49:24,1.2,300,232750
20240202,09:49:26,1.15,50,232750
20240202,09:49:38,1.15,50,232750
20240202,09:50:02,1.15,800,232750
20240202,09:50:07,1.15,3600,232750
20240202,09:50:08,1.15,8800,232750
20240202,09:50:17,1.15,500,232750
20240202,09:50:19,1.15,50,234300
20240202,09:50:25,1.2,9550,234300
20240202,09:50:26,1.2,1700,234300
20240202,09:50:27,1.2,400,234300
20240202,09:50:37,1.2,2650,234300
20240202,09:50:42,1.2,1050,234300
20240202,09:50:43,1.15,50,234300
20240202,09:51:01,1.15,50,234300
20240202,09:51:11,1.15,50,234300
20240202,09:51:22,1.2,350,234300
20240202,09:51:27,1.2,2150,234300
20240202,09:51:28,1.25,2800,234300
20240202,09:51:30,1.25,950,234300
20240202,09:51:32,1.2,1500,234300
20240202,09:51:39,1.25,150,234300
20240202,09:51:49,1.25,50,234300
20240202,09:52:03,1.25,650,234300
20240202,09:52:09,1.2,700,234300
20240202,09:52:10,1.25,50,234300
20240202,09:52:22,1.2,50,234300
20240202,09:52:28,1.25,50,234300
20240202,09:52:30,1.25,50,234300
20240202,09:52:36,1.25,50,234300
20240202,09:52:45,1.25,1200,234300
20240202,09:52:53,1.25,50,234300
20240202,09:52:56,1.25,50,234300
20240202,09:52:57,1.25,50,234300
20240202,09:53:02,1.2,300,234300
20240202,09:53:15,1.25,50,234300
20240202,09:53:16,1.2,50,234300
20240202,09:53:30,1.2,1800,242900
20240202,09:53:32,1.25,500,242900
20240202,09:53:41,1.25,1600,242900
20240202,09:53:50,1.25,50,242900
20240202,09:53:56,1.25,50,242900
20240202,09:53:57,1.25,50,242900
20240202,09:54:01,1.2,900,242900
20240202,09:54:03,1.25,750,242900
20240202,09:54:24,1.2,50,242900
20240202,09:54:26,1.2,650,242900
20240202,09:54:40,1.25,50,242900
20240202,09:55:10,1.25,50,242900
20240202,09:55:22,1.25,250,242900
20240202,09:55:30,1.2,50,242900
20240202,09:55:53,1.2,50,242900
20240202,09:55:57,1.25,50,242900
20240202,09:55:58,1.25,250,242900
20240202,09:56:28,1.25,50,244900
20240202,09:56:40,1.2,150,244900
20240202,09:56:48,1.25,50,244900
20240202,09:56:55,1.2,50,244900
20240202,09:56:56,1.25,50,244900
20240202,09:57:01,1.25,200,244900
20240202,09:57:02,1.2,550,244900
20240202,09:57:03,1.25,50,244900
20240202,09:57:08,1.25,6000,244900
20240202,09:57:11,1.25,1750,244900
20240202,09:57:11,1.25,9400,244900
20240202,09:57:15,1.25,50,244900
20240202,09:57:28,1.2,50,244900
20240202,09:57:33,1.2,100,244900
20240202,09:57:35,1.15,5450,244900
20240202,09:57:39,1.2,800,244900
20240202,09:57:58,1.2,1250,244900
20240202,09:58:05,1.15,150,244900
20240202,09:58:18,1.2,200,244900
20240202,09:58:28,1.2,100,244900
20240202,09:58:31,1.2,600,244900
20240202,09:58:39,1.15,50,244900
20240202,09:58:56,1.2,400,244900
20240202,09:58:57,1.2,1800,244900
20240202,09:58:58,1.2,4850,244900
20240202,09:59:09,1.2,50,244900
20240202,09:59:10,1.2,50,244900
20240202,09:59:45,1.2,1800,244900
20240202,09:59:48,1.2,50,253600
20240202,09:59:49,1.2,250,253600
20240202,10:00:04,1.2,50,253600
20240202,10:00:05,1.25,550,253600
20240202,10:00:19,1.25,250,253600
20240202,10:00:24,1.2,300,253600
20240202,10:01:05,1.25,100,253600
20240202,10:01:08,1.2,50,253600
20240202,10:01:18,1.2,50,253600
20240202,10:01:30,1.2,2750,253600
20240202,10:02:02,1.2,100,253600
20240202,10:02:14,1.2,50,253600
20240202,10:02:26,1.25,1200,251750
20240202,10:02:40,1.25,250,251750
20240202,10:02:49,1.25,600,251750
20240202,10:02:52,1.25,100,251750
20240202,10:03:06,1.2,1800,251750
20240202,10:03:13,1.25,300,251750
20240202,10:03:17,1.2,1800,251750
20240202,10:03:18,1.2,450,251750
20240202,10:03:20,1.15,500,251750
20240202,10:03:38,1.15,3000,251750
20240202,10:03:39,1.15,1200,251750
20240202,10:03:41,1.2,150,251750
20240202,10:04:02,1.15,50,251750
20240202,10:04:09,1.15,1000,251750
20240202,10:04:12,1.15,50,251750
20240202,10:04:18,1.15,50,251750
20240202,10:04:27,1.15,50,251750
20240202,10:04:28,1.2,50,251750
20240202,10:04:36,1.2,50,251750
20240202,10:04:37,1.2,50,251750
20240202,10:04:46,1.2,50,251750
20240202,10:04:51,1.2,100,251750
20240202,10:05:02,1.15,50,251750
20240202,10:05:05,1.2,350,251750
20240202,10:05:08,1.2,50,251750
20240202,10:05:09,1.2,1050,251750
20240202,10:05:25,1.2,50,250450
20240202,10:05:30,1.15,100,250450
20240202,10:05:38,1.15,50,250450
20240202,10:05:46,1.15,50,250450
20240202,10:05:52,1.15,50,250450
20240202,10:06:02,1.15,50,250450
20240202,10:06:18,1.15,500,250450
20240202,10:06:20,1.15,50,250450
20240202,10:06:22,1.15,50,250450
20240202,10:06:49,1.15,50,250450
20240202,10:06:52,1.2,50,250450
20240202,10:07:04,1.2,50,250450
20240202,10:07:15,1.2,250,250450
20240202,10:07:23,1.15,50,250450
20240202,10:07:52,1.2,50,250450
20240202,10:07:58,1.2,50,250450
20240202,10:08:10,1.15,50,250450
20240202,10:08:36,1.2,100,250600
20240202,10:08:41,1.15,50,250600
20240202,10:08:44,1.2,50,250600
20240202,10:08:45,1.2,100,250600
20240202,10:08:50,1.2,50,250600
20240202,10:09:20,1.2,1000,250600
20240202,10:09:28,1.15,50,250600
20240202,10:09:42,1.15,100,250600
20240202,10:09:58,1.15,50,250600
20240202,10:09:59,1.15,600,250600
20240202,10:10:01,1.2,50,250600
20240202,10:10:04,1.2,350,250600
20240202,10:10:05,1.2,50,250600
20240202,10:10:06,1.15,50,250600
20240202,10:10:07,1.2,50,250600
20240202,10:10:16,1.2,150,250600
20240202,10:10:17,1.2,50,250600
20240202,10:10:19,1.2,1350,250600
20240202,10:10:20,1.2,100,250600
20240202,10:10:23,1.15,150,250600
20240202,10:10:30,1.2,200,250600
20240202,10:10:34,1.2,400,250600
20240202,10:10:35,1.2,5200,250600
20240202,10:10:52,1.15,50,250600
20240202,10:11:00,1.2,100,250600
20240202,10:11:01,1.15,150,250600
20240202,10:11:05,1.15,450,250600
20240202,10:11:08,1.2,50,250600
20240202,10:11:11,1.2,50,250600
20240202,10:11:16,1.15,50,250600
20240202,10:11:37,1.15,50,251250
20240202,10:11:49,1.15,50,251250
20240202,10:11:55,1.15,300,251250
20240202,10:12:05,1.2,100,251250
20240202,10:12:20,1.2,50,251250
20240202,10:12:38,1.15,50,251250
20240202,10:12:55,1.15,1150,251250
20240202,10:13:01,1.2,50,251250
20240202,10:13:02,1.2,600,251250
20240202,10:13:03,1.2,450,251250
20240202,10:13:05,1.2,150,251250
20240202,10:13:10,1.15,150,251250
20240202,10:13:23,1.2,50,251250
20240202,10:13:24,1.15,50,251250
20240202,10:13:56,1.2,100,251250
20240202,10:14:15,1.2,100,251250
20240202,10:14:18,1.2,50,251250
20240202,10:15:00,1.2,300,251100
20240202,10:15:05,1.2,500,251100
20240202,10:15:10,1.2,1500,251100
20240202,10:15:15,1.2,3050,251100
20240202,10:15:20,1.2,750,251100
20240202,10:15:22,1.2,50,251100
20240202,10:15:25,1.2,1500,251100
20240202,10:15:30,1.2,500,251100
20240202,10:15:35,1.2,250,251100
20240202,10:15:40,1.2,250,251100
20240202,10:16:09,1.2,100,251100
20240202,10:16:20,1.15,50,251100
20240202,10:16:24,1.15,100,251100
20240202,10:16:28,1.2,200,251100
20240202,10:16:44,1.2,50,251100
20240202,10:16:48,1.2,600,251100
20240202,10:17:02,1.15,1000,251100
20240202,10:17:13,1.15,50,251100
20240202,10:17:26,1.15,150,257600
20240202,10:18:00,1.2,50,257600
20240202,10:18:06,1.15,50,257600
20240202,10:18:11,1.15,50,257600
20240202,10:18:21,1.2,50,257600
20240202,10:18:27,1.2,100,257600
20240202,10:19:06,1.15,50,257600
20240202,10:19:11,1.2,50,257600
20240202,10:19:43,1.15,200,257600
20240202,10:19:45,1.2,50,257600
20240202,10:20:00,1.2,100,257600
20240202,10:20:08,1.2,50,257600
20240202,10:20:44,1.2,50,257550
20240202,10:21:00,1.2,50,257550
20240202,10:21:04,1.15,250,257550
20240202,10:21:46,1.2,2050,257550
20240202,10:21:50,1.15,100,257550
20240202,10:21:57,1.15,1500,257550
20240202,10:21:59,1.15,650,257550
20240202,10:22:18,1.15,50,257550
20240202,10:22:26,1.15,250,257550
20240202,10:22:39,1.15,100,257550
20240202,10:22:54,1.15,50,257550
20240202,10:23:07,1.15,500,257550
20240202,10:23:08,1.15,250,257550
20240202,10:23:19,1.2,50,257550
20240202,10:23:21,1.15,250,255550
20240202,10:23:24,1.2,50,255550
20240202,10:23:51,1.15,250,255550
20240202,10:23:57,1.15,150,255550
20240202,10:24:04,1.15,50,255550
20240202,10:24:28,1.2,50,255550
20240202,10:24:36,1.15,250,255550
20240202,10:24:50,1.15,50,255550
20240202,10:25:18,1.15,100,255550
20240202,10:25:21,1.2,200,255550
20240202,10:25:23,1.2,500,255550
20240202,10:25:26,1.2,200,255550
20240202,10:26:10,1.2,50,255550
20240202,10:26:12,1.2,150,255550
20240202,10:26:19,1.2,50,255550
20240202,10:26:41,1.2,200,255800
20240202,10:26:43,1.2,200,255800
20240202,10:26:44,1.2,200,255800
20240202,10:26:45,1.15,50,255800
20240202,10:26:47,1.15,50,255800
20240202,10:26:49,1.2,50,255800
20240202,10:26:51,1.2,200,255800
20240202,10:26:52,1.15,750,255800
20240202,10:26:57,1.2,200,255800
20240202,10:27:00,1.2,200,255800
20240202,10:27:02,1.15,100,255800
20240202,10:27:04,1.2,200,255800
20240202,10:27:14,1.2,50,255800
20240202,10:27:17,1.15,50,255800
20240202,10:27:19,1.15,50,255800
20240202,10:27:33,1.15,150,255800
20240202,10:27:35,1.2,50,255800
20240202,10:27:44,1.15,250,255800
20240202,10:28:01,1.15,50,255800
20240202,10:28:08,1.2,50,255800
20240202,10:29:01,1.15,50,255800
20240202,10:29:05,1.2,50,255800
20240202,10:30:01,1.15,300,254750
20240202,10:30:34,1.15,50,254750
20240202,10:30:43,1.2,50,254750
20240202,10:31:04,1.15,200,254750
20240202,10:31:09,1.2,800,254750
20240202,10:31:36,1.2,300,254750
20240202,10:31:45,1.15,50,254750
20240202,10:31:51,1.2,100,254750
20240202,10:31:53,1.2,50,254750
20240202,10:32:50,1.15,50,255300
20240202,10:33:00,1.15,50,255300
20240202,10:33:07,1.15,50,255300
20240202,10:33:30,1.15,150,255300
20240202,10:33:36,1.2,50,255300
20240202,10:33:56,1.2,50,255300
20240202,10:34:48,1.15,250,255300
20240202,10:35:21,1.15,50,255300
20240202,10:35:24,1.2,50,254950
20240202,10:35:38,1.15,100,254950
20240202,10:36:39,1.2,800,254950
20240202,10:37:08,1.15,50,254950
20240202,10:37:10,1.2,50,254950
20240202,10:37:53,1.15,100,254950
20240202,10:38:08,1.15,100,254950
20240202,10:38:17,1.2,50,254950
20240202,10:38:31,1.2,50,255550
20240202,10:39:12,1.15,300,255550
20240202,10:39:29,1.15,200,255550
20240202,10:39:42,1.15,300,255550
20240202,10:39:58,1.2,900,255550
20240202,10:40:16,1.2,50,255550
20240202,10:40:19,1.2,100,255550
20240202,10:41:08,1.2,50,255550
20240202,10:41:19,1.2,250,255550
20240202,10:41:46,1.15,250,255200
20240202,10:41:58,1.15,50,255200
20240202,10:42:03,1.2,300,255200
20240202,10:42:09,1.15,1500,255200
20240202,10:42:20,1.2,1200,255200
20240202,10:42:33,1.2,2000,255200
20240202,10:42:34,1.2,1800,255200
20240202,10:42:35,1.2,14500,255200
20240202,10:42:36,1.2,50,255200
20240202,10:42:38,1.2,1800,255200
20240202,10:42:54,1.15,100,255200
20240202,10:43:07,1.15,50,255200
20240202,10:44:33,1.15,50,252650
20240202,10:45:25,1.15,50,252650
20240202,10:45:28,1.2,400,252650
20240202,10:45:29,1.2,200,252650
20240202,10:45:44,1.2,50,252650
20240202,10:46:02,1.2,50,252650
20240202,10:46:44,1.2,50,252650
20240202,10:47:47,1.2,450,253250
20240202,10:47:48,1.15,100,253250
20240202,10:47:59,1.2,50,253250
20240202,10:48:00,1.15,500,253250
20240202,10:48:30,1.2,50,253250
20240202,10:49:18,1.15,200,253250
20240202,10:49:21,1.15,50,253250
20240202,10:49:44,1.15,700,253250
20240202,10:50:02,1.2,150,253250
20240202,10:50:17,1.2,50,253250
20240202,10:51:35,1.15,300,251900
20240202,10:51:42,1.2,50,251900
20240202,10:52:02,1.15,50,251900
20240202,10:52:14,1.2,50,251900
20240202,10:52:22,1.15,250,251900
20240202,10:52:35,1.2,500,251900
20240202,10:53:19,1.15,150,251900
20240202,10:53:40,1.15,50,251900
20240202,10:54:24,1.2,50,252150
20240202,10:55:04,1.15,50,252150
20240202,10:55:16,1.15,50,252150
20240202,10:55:18,1.15,50,252150
20240202,10:55:29,1.15,200,252150
20240202,10:55:51,1.15,50,252150
20240202,10:55:52,1.15,50,252150
20240202,10:56:36,1.15,1000,251900
20240202,10:56:38,1.15,50,251900
20240202,10:56:52,1.2,50,251900
20240202,10:57:50,1.15,800,251900
20240202,10:57:52,1.15,50,251900
20240202,10:58:11,1.2,50,251900
20240202,10:58:30,1.2,100,251900
20240202,10:59:21,1.2,2500,251900
20240202,10:59:25,1.2,50,254600
20240202,10:59:42,1.2,100,254600
20240202,11:00:06,1.2,50,254600
20240202,11:00:15,1.2,150,254600
20240202,11:00:26,1.2,300,254600
20240202,11:00:38,1.2,700,254600
20240202,11:01:06,1.2,50,254600
20240202,11:01:11,1.2,50,254600
20240202,11:01:24,1.2,50,254600
20240202,11:01:28,1.15,300,254600
20240202,11:01:29,1.15,1700,254600
20240202,11:02:20,1.15,200,254600
20240202,11:02:23,1.15,50,254600
20240202,11:03:13,1.15,100,253650
20240202,11:05:55,1.2,50,253650
20240202,11:05:56,1.15,50,253550
20240202,11:06:09,1.2,250,253550
20240202,11:06:10,1.2,1100,253550
20240202,11:06:12,1.2,1200,253550
20240202,11:06:12,1.2,700,253550
20240202,11:06:13,1.2,600,253550
20240202,11:06:15,1.2,600,253550
20240202,11:06:16,1.2,500,253550
20240202,11:06:17,1.2,500,253550
20240202,11:06:18,1.2,500,253550
20240202,11:06:19,1.2,200,253550
20240202,11:06:45,1.2,50,253550
20240202,11:07:49,1.15,50,253550
20240202,11:08:01,1.2,150,253550
20240202,11:08:19,1.2,50,253550
20240202,11:08:25,1.15,50,253550
20240202,11:09:31,1.2,50,251100
20240202,11:09:45,1.15,50,251100
20240202,11:09:52,1.2,50,251100
20240202,11:10:05,1.2,100,251100
20240202,11:10:08,1.2,50,251100
20240202,11:10:12,1.2,50,251100
20240202,11:10:22,1.2,150,251100
20240202,11:10:23,1.2,100,251100
20240202,11:10:41,1.15,1800,251100
20240202,11:10:42,1.15,1800,251100
20240202,11:10:43,1.15,800,251100
20240202,11:10:55,1.2,50,251100
20240202,11:10:56,1.2,50,251100
20240202,11:11:24,1.2,50,251100
20240202,11:11:37,1.2,100,253450
20240202,11:11:42,1.2,750,253450
20240202,11:11:47,1.15,50,253450
20240202,11:12:52,1.15,200,253450
20240202,11:13:02,1.15,50,253450
20240202,11:13:02,1.2,50,253450
20240202,11:13:20,1.2,50,253450
20240202,11:13:27,1.15,150,253450
20240202,11:13:29,1.2,50,253450
20240202,11:13:33,1.2,5350,253450
20240202,11:13:38,1.2,9900,253450
20240202,11:13:40,1.15,150,253450
20240202,11:13:44,1.2,1800,253450
20240202,11:13:46,1.2,3950,253450
20240202,11:13:47,1.2,650,253450
20240202,11:13:48,1.25,400,253450
20240202,11:13:51,1.2,400,253450
20240202,11:13:53,1.2,950,253450
20240202,11:14:26,1.2,550,253450
20240202,11:14:37,1.25,50,253450
20240202,11:14:38,1.25,1850,257950
20240202,11:14:42,1.25,1050,257950
20240202,11:14:51,1.3,50,257950
20240202,11:14:56,1.25,550,257950
20240202,11:14:58,1.25,4450,257950
20240202,11:15:04,1.2,50,257950
20240202,11:15:10,1.25,500,257950
20240202,11:15:18,1.25,200,257950
20240202,11:15:24,1.25,50,257950
20240202,11:15:35,1.25,50,257950
20240202,11:15:38,1.25,1100,257950
20240202,11:15:39,1.25,100,257950
20240202,11:15:42,1.25,6000,257950
20240202,11:15:42,1.3,150,257950
20240202,11:15:45,1.3,50,257950
20240202,11:15:46,1.3,50,257950
20240202,11:15:48,1.25,100,257950
20240202,11:15:52,1.3,100,257950
20240202,11:15:54,1.25,4750,257950
20240202,11:15:54,1.3,3000,257950
20240202,11:15:56,1.3,250,257950
20240202,11:15:57,1.3,150,257950
20240202,11:15:58,1.3,1650,257950
20240202,11:16:06,1.3,150,257950
20240202,11:16:11,1.35,50,257950
20240202,11:16:13,1.35,100,257950
20240202,11:16:14,1.35,100,257950
20240202,11:16:15,1.35,100,257950
20240202,11:16:17,1.35,2000,257950
20240202,11:16:18,1.35,100,257950
20240202,11:16:20,1.35,200,257950
20240202,11:16:21,1.35,200,257950
20240202,11:16:22,1.35,100,257950
20240202,11:16:23,1.35,100,257950
20240202,11:16:24,1.35,100,257950
20240202,11:16:25,1.35,400,257950
20240202,11:16:26,1.35,100,257950
20240202,11:16:26,1.35,50,257950
20240202,11:16:28,1.35,7050,257950
20240202,11:16:30,1.35,450,257950
20240202,11:16:31,1.35,100,257950
20240202,11:16:32,1.35,700,257950
20240202,11:16:33,1.35,100,257950
20240202,11:16:34,1.35,200,257950
20240202,11:16:36,1.35,300,257950
20240202,11:16:40,1.35,50,257950
20240202,11:16:44,1.35,50,257950
20240202,11:16:45,1.35,150,257950
20240202,11:16:46,1.35,150,257950
20240202,11:16:49,1.35,200,257950
20240202,11:16:54,1.35,650,257950
20240202,11:16:59,1.35,800,257950
20240202,11:17:04,1.3,100,257950
20240202,11:17:10,1.35,350,257950
20240202,11:17:15,1.35,50,257950
20240202,11:17:21,1.35,900,257950
20240202,11:17:24,1.35,750,257950
20240202,11:17:31,1.3,50,257950
20240202,11:17:32,1.35,50,254050
20240202,11:17:38,1.35,50,254050
20240202,11:17:57,1.35,50,254050
20240202,11:17:59,1.35,50,254050
20240202,11:18:01,1.35,5250,254050
20240202,11:18:02,1.35,3250,254050
20240202,11:18:03,1.35,50,254050
20240202,11:18:04,1.35,250,254050
20240202,11:18:07,1.35,550,254050
20240202,11:18:08,1.35,3100,254050
20240202,11:18:09,1.35,300,254050
20240202,11:18:10,1.35,1800,254050
20240202,11:18:11,1.4,200,254050
20240202,11:18:12,1.4,200,254050
20240202,11:18:13,1.35,250,254050
20240202,11:18:14,1.4,200,254050
20240202,11:18:18,1.4,250,254050
20240202,11:18:19,1.4,200,254050
20240202,11:18:20,1.4,250,254050
20240202,11:18:21,1.4,200,254050
20240202,11:18:22,1.4,200,254050
20240202,11:18:23,1.4,200,254050
20240202,11:18:24,1.4,200,254050
20240202,11:18:25,1.4,200,254050
20240202,11:18:26,1.35,150,254050
20240202,11:18:27,1.35,50,254050
20240202,11:18:28,1.35,50,254050
20240202,11:18:29,1.35,50,254050
20240202,11:18:34,1.35,50,254050
20240202,11:18:35,1.4,200,254050
20240202,11:18:36,1.4,200,254050
20240202,11:18:38,1.4,10750,254050
20240202,11:18:39,1.4,50,254050
20240202,11:18:41,1.4,900,254050
20240202,11:18:44,1.4,50,254050
20240202,11:18:46,1.4,250,254050
20240202,11:18:47,1.4,250,254050
20240202,11:18:48,1.4,200,254050
20240202,11:18:49,1.4,200,254050
20240202,11:18:50,1.4,8850,254050
20240202,11:18:52,1.4,50,254050
20240202,11:18:53,1.4,200,254050
20240202,11:18:54,1.4,200,254050
20240202,11:19:02,1.35,50,254050
20240202,11:19:05,1.35,150,254050
20240202,11:19:06,1.35,150,254050
20240202,11:19:07,1.35,50,254050
20240202,11:19:08,1.35,1800,254050
20240202,11:19:10,1.35,50,254050
20240202,11:19:11,1.3,3400,254050
20240202,11:19:12,1.35,350,254050
20240202,11:19:15,1.3,250,254050
20240202,11:19:18,1.3,150,254050
20240202,11:19:21,1.35,1000,254050
20240202,11:19:22,1.3,50,254050
20240202,11:19:24,1.3,50,254050
20240202,11:19:25,1.3,100,254050
20240202,11:19:26,1.3,200,254050
20240202,11:19:28,1.3,50,254050
20240202,11:19:29,1.3,100,254050
20240202,11:19:30,1.3,50,254050
20240202,11:19:32,1.3,100,254050
20240202,11:19:35,1.35,50,254050
20240202,11:19:37,1.3,50,254050
20240202,11:19:39,1.35,700,254050
20240202,11:19:40,1.35,3400,254050
20240202,11:19:41,1.3,12050,254050
20240202,11:19:42,1.3,800,254050
20240202,11:19:43,1.35,1250,254050
20240202,11:19:45,1.3,200,254050
20240202,11:19:46,1.3,250,254050
20240202,11:19:47,1.35,12250,254050
20240202,11:19:48,1.3,12800,254050
20240202,11:19:49,1.3,2000,254050
20240202,11:19:50,1.35,3600,254050
20240202,11:19:51,1.3,200,254050
20240202,11:19:52,1.3,200,254050
20240202,11:19:53,1.25,2850,254050
20240202,11:19:57,1.3,150,254050
20240202,11:20:00,1.25,1250,254050
20240202,11:20:01,1.25,300,254050
20240202,11:20:02,1.25,2500,254050
20240202,11:20:03,1.2,200,254050
20240202,11:20:05,1.25,50,254050
20240202,11:20:07,1.2,50,254050
20240202,11:20:09,1.2,50,254050
20240202,11:20:13,1.2,200,254050
20240202,11:20:14,1.2,200,254050
20240202,11:20:16,1.2,50,254050
20240202,11:20:17,1.2,50,254050
20240202,11:20:18,1.25,50,254050
20240202,11:20:24,1.2,50,254050
20240202,11:20:25,1.2,50,254050
20240202,11:20:30,1.2,50,254050
20240202,11:20:32,1.2,300,274350
20240202,11:20:33,1.25,1150,274350
20240202,11:20:34,1.25,4750,274350
20240202,11:20:38,1.25,150,274350
20240202,11:20:39,1.25,50,274350
20240202,11:20:43,1.25,50,274350
20240202,11:20:45,1.25,1500,274350
20240202,11:20:59,1.25,1800,274350
20240202,11:21:13,1.3,50,274350
20240202,11:21:18,1.25,50,274350
20240202,11:21:23,1.3,50,274350
20240202,11:21:24,1.25,50,274350
20240202,11:21:39,1.25,1650,274350
20240202,11:21:44,1.25,1400,274350
20240202,11:21:45,1.25,100,274350
20240202,11:21:46,1.25,50,274350
20240202,11:21:47,1.25,400,274350
20240202,11:21:48,1.25,1850,274350
20240202,11:21:49,1.2,50,274350
20240202,11:21:51,1.2,50,274350
20240202,11:21:54,1.2,50,274350
20240202,11:21:56,1.2,50,274350
20240202,11:22:00,1.2,100,274350
20240202,11:22:01,1.2,50,274350
20240202,11:22:03,1.2,50,274350
20240202,11:22:05,1.2,50,274350
20240202,11:22:07,1.2,50,274350
20240202,11:22:09,1.25,300,274350
20240202,11:22:10,1.2,50,274350
20240202,11:22:11,1.2,1050,274350
20240202,11:22:15,1.2,100,274350
20240202,11:22:16,1.2,200,274350
20240202,11:22:19,1.2,50,274350
20240202,11:22:22,1.25,50,274350
20240202,11:22:23,1.25,5600,274350
20240202,11:22:26,1.25,50,274350
20240202,11:22:27,1.3,150,274350
20240202,11:22:28,1.25,50,274350
20240202,11:22:49,1.3,1550,274350
20240202,11:22:50,1.3,3000,274350
20240202,11:22:52,1.3,100,274350
20240202,11:22:53,1.3,50,274350
20240202,11:23:37,1.35,50,276950
20240202,11:23:57,1.35,300,276950
20240202,11:23:59,1.35,100,276950
20240202,11:24:20,1.3,1250,276950
20240202,11:24:28,1.3,50,276950
20240202,11:24:43,1.35,50,276950
20240202,11:24:51,1.3,300,276950
20240202,11:24:57,1.35,1000,276950
20240202,11:25:12,1.3,200,276950
20240202,11:25:13,1.3,200,276950
20240202,11:25:14,1.3,200,276950
20240202,11:25:20,1.35,5900,276950
20240202,11:25:22,1.3,1800,276950
20240202,11:25:28,1.35,700,276950
20240202,11:25:28,1.35,250,276950
20240202,11:25:31,1.35,1800,276950
20240202,11:25:49,1.35,50,276950
20240202,11:25:59,1.35,50,276950
20240202,11:26:06,1.3,100,276950
20240202,11:26:09,1.3,100,276950
20240202,11:26:10,1.3,300,276950
20240202,11:26:11,1.3,100,276950
20240202,11:26:12,1.3,600,276950
20240202,11:26:13,1.35,50,276950
20240202,11:26:22,1.3,200,276950
20240202,11:26:23,1.3,200,276950
20240202,11:26:24,1.3,200,276950
20240202,11:26:30,1.3,200,272500
20240202,11:26:31,1.3,200,272500
20240202,11:26:32,1.3,200,272500
20240202,11:26:33,1.3,200,272500
20240202,11:26:34,1.3,200,272500
20240202,11:26:37,1.3,600,272500
20240202,11:26:42,1.3,200,272500
20240202,11:26:44,1.3,400,272500
20240202,11:26:57,1.3,250,272500
20240202,11:26:58,1.3,200,272500
20240202,11:27:06,1.3,250,272500
20240202,11:27:07,1.3,200,272500
20240202,11:27:08,1.3,200,272500
20240202,11:27:18,1.25,5550,272500
20240202,11:27:19,1.25,350,272500
20240202,11:27:22,1.3,50,272500
20240202,11:27:33,1.3,50,272500
20240202,11:27:37,1.3,1800,272500
20240202,11:27:43,1.25,1050,272500
20240202,11:27:59,1.3,50,272500
20240202,11:28:01,1.3,2300,272500
20240202,11:28:05,1.3,250,272500
20240202,11:28:06,1.3,250,272500
20240202,11:28:14,1.35,750,272500
20240202,11:28:14,1.35,50,272500
20240202,11:28:15,1.35,1600,272500
20240202,11:28:28,1.35,6300,272500
20240202,11:28:28,1.35,100,272500
20240202,11:28:29,1.35,300,272500
20240202,11:28:38,1.4,1800,272500
20240202,11:28:56,1.35,3700,272500
20240202,11:28:58,1.35,950,272500
20240202,11:29:01,1.4,50,272500
20240202,11:29:17,1.4,3600,272500
20240202,11:29:19,1.35,550,272500
20240202,11:29:20,1.4,150,272500
20240202,11:29:22,1.4,50,272500
20240202,11:29:24,1.4,50,272500
20240202,11:29:34,1.4,150,272500
20240202,11:29:36,1.4,150,263650
20240202,11:29:39,1.4,150,263650
20240202,11:29:42,1.4,50,263650
20240202,11:29:47,1.4,50,263650
20240202,11:29:53,1.4,150,263650
20240202,11:29:55,1.4,150,263650
20240202,11:29:57,1.4,50,263650
20240202,11:29:59,1.4,1950,263650
20240202,11:30:00,1.4,5700,263650
20240202,11:30:01,1.4,50,263650
20240202,11:30:03,1.4,5000,263650
20240202,11:30:09,1.35,15100,263650
20240202,11:30:11,1.35,2200,263650
20240202,11:30:14,1.4,50,263650
20240202,11:30:26,1.35,50,263650
20240202,11:30:35,1.4,5450,263650
20240202,11:30:37,1.4,100,263650
20240202,11:30:44,1.4,200,263650
20240202,11:30:51,1.4,6600,263650
20240202,11:30:52,1.4,50,263650
20240202,11:30:55,1.4,3300,263650
20240202,11:30:57,1.4,50,263650
20240202,11:30:58,1.45,50,263650
20240202,11:31:01,1.45,50,263650
20240202,11:31:04,1.45,150,263650
20240202,11:31:05,1.45,50,263650
20240202,11:31:09,1.45,200,263650
20240202,11:31:13,1.45,150,263650
20240202,11:31:17,1.45,150,263650
20240202,11:31:20,1.4,550,263650
20240202,11:31:21,1.45,100,263650
20240202,11:31:22,1.45,50,263650
20240202,11:31:24,1.45,50,263650
20240202,11:31:25,1.45,100,263650
20240202,11:31:26,1.45,50,263650
20240202,11:31:27,1.45,50,263650
20240202,11:31:29,1.4,150,263650
20240202,11:31:30,1.45,50,263650
20240202,11:31:32,1.45,1850,263650
20240202,11:31:33,1.45,50,263650
20240202,11:31:34,1.45,100,263650
20240202,11:31:36,1.45,200,263650
20240202,11:31:37,1.45,400,263650
20240202,11:31:38,1.45,300,263650
20240202,11:31:40,1.45,100,263650
20240202,11:31:41,1.45,400,263650
20240202,11:31:42,1.45,100,263650
20240202,11:31:43,1.45,450,263650
20240202,11:31:45,1.45,1100,263650
20240202,11:31:46,1.45,50,263650
20240202,11:31:47,1.45,200,263650
20240202,11:31:48,1.45,150,263650
20240202,11:31:49,1.45,650,263650
20240202,11:31:51,1.45,1800,263650
20240202,11:31:52,1.5,3700,263650
20240202,11:31:53,1.45,800,263650
20240202,11:31:54,1.45,50,263650
20240202,11:31:56,1.5,200,263650
20240202,11:31:57,1.5,50,263650
20240202,11:31:58,1.5,1050,263650
20240202,11:32:02,1.5,200,263650
20240202,11:32:03,1.5,100,263650
20240202,11:32:04,1.5,150,263650
20240202,11:32:05,1.5,150,263650
20240202,11:32:06,1.5,200,263650
20240202,11:32:07,1.5,250,263650
20240202,11:32:08,1.5,50,263650
20240202,11:32:09,1.5,50,263650
20240202,11:32:12,1.45,800,263650
20240202,11:32:15,1.5,900,263650
20240202,11:32:16,1.5,50,263650
20240202,11:32:22,1.45,450,263650
20240202,11:32:27,1.5,50,263650
20240202,11:32:30,1.45,50,269700
20240202,11:32:33,1.45,1700,269700
20240202,11:32:34,1.45,50,269700
20240202,11:32:35,1.45,600,269700
20240202,11:32:37,1.45,500,269700
20240202,11:32:38,1.45,3950,269700
20240202,11:32:39,1.45,8100,269700
20240202,11:32:41,1.45,50,269700
20240202,11:32:47,1.45,100,269700
20240202,11:32:52,1.45,50,269700
20240202,11:32:56,1.4,50,269700
20240202,11:32:58,1.45,250,269700
20240202,11:32:59,1.45,50,269700
20240202,11:33:02,1.45,1850,269700
20240202,11:33:03,1.45,50,269700
20240202,11:33:07,1.45,250,269700
20240202,11:33:14,1.45,50,269700
20240202,11:33:16,1.45,150,269700
20240202,11:33:18,1.45,50,269700
20240202,11:33:26,1.4,50,269700
20240202,11:33:27,1.45,50,269700
20240202,11:33:29,1.45,100,269700
20240202,11:33:30,1.45,100,269700
20240202,11:33:33,1.45,50,269700
20240202,11:33:36,1.45,450,269700
20240202,11:33:38,1.45,50,269700
20240202,11:33:44,1.4,1450,269700
20240202,11:33:46,1.45,200,269700
20240202,11:33:48,1.45,50,269700
20240202,11:33:54,1.45,100,269700
20240202,11:33:55,1.45,2300,269700
20240202,11:33:56,1.5,150,269700
20240202,11:33:57,1.45,2000,269700
20240202,11:33:58,1.5,50,269700
20240202,11:34:00,1.5,200,269700
20240202,11:34:02,1.45,2550,269700
20240202,11:34:04,1.45,50,269700
20240202,11:34:05,1.45,50,269700
20240202,11:34:07,1.45,200,269700
20240202,11:34:11,1.45,3150,269700
20240202,11:34:12,1.5,5700,269700
20240202,11:34:15,1.5,50,269700
20240202,11:34:16,1.5,200,269700
20240202,11:34:17,1.45,200,269700
20240202,11:34:18,1.5,400,269700
20240202,11:34:19,1.5,1250,269700
20240202,11:34:23,1.45,50,269700
20240202,11:34:24,1.5,150,269700
20240202,11:34:25,1.45,50,269700
20240202,11:34:26,1.5,400,269700
20240202,11:34:27,1.45,100,269700
20240202,11:34:28,1.45,100,269700
20240202,11:34:29,1.45,250,269700
20240202,11:34:35,1.5,100,269700
20240202,11:34:37,1.5,50,269700
20240202,11:34:39,1.5,50,269700
20240202,11:34:51,1.5,50,269700
20240202,11:34:53,1.5,100,269700
20240202,11:34:55,1.5,100,269700
20240202,11:34:56,1.5,750,269700
20240202,11:34:59,1.45,50,269700
20240202,11:35:00,1.5,200,269700
20240202,11:35:01,1.5,200,269700
20240202,11:35:03,1.5,700,269700
20240202,11:35:07,1.5,150,269700
20240202,11:35:12,1.5,5000,269700
20240202,11:35:14,1.5,50,269700
20240202,11:35:16,1.5,4100,269700
20240202,11:35:17,1.5,250,269700
20240202,11:35:19,1.45,50,269700
20240202,11:35:20,1.5,300,269700
20240202,11:35:21,1.55,9500,269700
20240202,11:35:22,1.55,100,269700
20240202,11:35:25,1.55,600,269700
20240202,11:35:27,1.55,250,269700
20240202,11:35:31,1.5,8200,278700
20240202,11:35:32,1.5,800,278700
20240202,11:35:34,1.5,50,278700
20240202,11:35:36,1.55,50,278700
20240202,11:35:39,1.5,50,278700
20240202,11:35:41,1.55,100,278700
20240202,11:35:43,1.5,100,278700
20240202,11:35:44,1.55,600,278700
20240202,11:35:45,1.5,50,278700
20240202,11:35:47,1.55,50,278700
20240202,11:35:48,1.55,150,278700
20240202,11:35:52,1.55,50,278700
20240202,11:35:54,1.55,50,278700
20240202,11:35:59,1.55,50,278700
20240202,11:36:00,1.55,200,278700
20240202,11:36:02,1.55,50,278700
20240202,11:36:09,1.55,50,278700
20240202,11:36:13,1.55,100,278700
20240202,11:36:16,1.55,100,278700
20240202,11:36:17,1.55,100,278700
20240202,11:36:18,1.55,1000,278700
20240202,11:36:20,1.5,100,278700
20240202,11:36:25,1.55,400,278700
20240202,11:36:26,1.55,550,278700
20240202,11:36:27,1.5,50,278700
20240202,11:36:29,1.55,250,278700
20240202,11:36:31,1.55,100,278700
20240202,11:36:39,1.5,350,278700
20240202,11:36:42,1.55,100,278700
20240202,11:36:45,1.55,50,278700
20240202,11:36:50,1.55,100,278700
20240202,11:36:52,1.55,50,278700
20240202,11:36:55,1.55,50,278700
20240202,11:36:57,1.55,50,278700
20240202,11:36:58,1.55,100,278700
20240202,11:37:00,1.55,50,278700
20240202,11:37:01,1.55,100,278700
20240202,11:37:02,1.5,100,278700
20240202,11:37:04,1.55,100,278700
20240202,11:37:11,1.5,100,278700
20240202,11:37:13,1.55,50,278700
20240202,11:37:15,1.55,150,278700
20240202,11:37:18,1.55,150,278700
20240202,11:37:19,1.55,50,278700
20240202,11:37:21,1.55,250,278700
20240202,11:37:25,1.55,200,278700
20240202,11:37:26,1.55,150,278700
20240202,11:37:29,1.55,300,278700
20240202,11:37:34,1.55,7600,278700
20240202,11:37:35,1.55,50,278700
20240202,11:37:40,1.6,50,278700
20240202,11:37:41,1.6,100,278700
20240202,11:37:42,1.6,1850,278700
20240202,11:37:43,1.6,11650,278700
20240202,11:37:44,1.65,400,278700
20240202,11:37:48,1.6,800,278700
20240202,11:37:50,1.6,150,278700
20240202,11:37:50,1.6,4750,278700
20240202,11:37:53,1.65,100,278700
20240202,11:37:54,1.6,1000,278700
20240202,11:37:56,1.6,50,278700
20240202,11:37:57,1.65,800,278700
20240202,11:37:58,1.65,200,278700
20240202,11:38:01,1.65,100,278700
20240202,11:38:05,1.6,150,278700
20240202,11:38:05,1.65,5200,278700
20240202,11:38:08,1.65,2000,278700
20240202,11:38:09,1.65,2700,278700
20240202,11:38:09,1.7,150,278700
20240202,11:38:11,1.65,1800,278700
20240202,11:38:13,1.7,50,278700
20240202,11:38:16,1.65,950,278700
20240202,11:38:18,1.7,4750,278700
20240202,11:38:23,1.75,50,278700
20240202,11:38:26,1.75,500,278700
20240202,11:38:27,1.75,150,278700
20240202,11:38:28,1.7,2000,278700
20240202,11:38:29,1.75,200,278700
20240202,11:38:32,1.7,2400,283300
20240202,11:38:33,1.7,250,283300
20240202,11:38:35,1.7,250,283300
20240202,11:38:35,1.7,150,283300
20240202,11:38:36,1.7,150,283300
20240202,11:38:37,1.7,900,283300
20240202,11:38:38,1.7,50,283300
20240202,11:38:39,1.7,450,283300
20240202,11:38:41,1.7,50,283300
20240202,11:38:45,1.7,50,283300
20240202,11:38:48,1.7,100,283300
20240202,11:38:49,1.7,150,283300
20240202,11:38:52,1.7,200,283300
20240202,11:38:55,1.7,50,283300
20240202,11:38:58,1.65,1850,283300
20240202,11:39:02,1.7,50,283300
20240202,11:39:03,1.7,400,283300
20240202,11:39:05,1.7,300,283300
20240202,11:39:08,1.7,1300,283300
20240202,11:39:08,1.7,8950,283300
20240202,11:39:12,1.75,2600,283300
20240202,11:39:14,1.75,3900,283300
20240202,11:39:14,1.75,100,283300
20240202,11:39:17,1.75,50,283300
20240202,11:39:18,1.7,50,283300
20240202,11:39:21,1.75,2500,283300
20240202,11:39:22,1.75,7050,283300
20240202,11:39:23,1.8,200,283300
20240202,11:39:24,1.8,250,283300
20240202,11:39:28,1.8,100,283300
20240202,11:39:29,1.75,50,283300
20240202,11:39:31,1.8,50,283300
20240202,11:39:31,1.75,650,283300
20240202,11:39:34,1.8,200,283300
20240202,11:39:35,1.85,1850,283300
20240202,11:39:37,1.75,3300,283300
20240202,11:39:42,1.8,50,283300
20240202,11:39:44,1.85,2550,283300
20240202,11:39:46,1.85,200,283300
20240202,11:39:46,1.85,150,283300
20240202,11:39:49,1.85,200,283300
20240202,11:39:50,1.85,50,283300
20240202,11:39:52,1.85,350,283300
20240202,11:39:55,1.8,4700,283300
20240202,11:39:56,1.8,4500,283300
20240202,11:39:57,1.8,150,283300
20240202,11:39:58,1.8,100,283300
20240202,11:40:00,1.8,50,283300
20240202,11:40:01,1.8,50,283300
20240202,11:40:02,1.8,1750,283300
20240202,11:40:03,1.75,50,283300
20240202,11:40:05,1.8,1800,283300
20240202,11:40:06,1.75,550,283300
20240202,11:40:07,1.75,3000,283300
20240202,11:40:08,1.8,100,283300
20240202,11:40:09,1.8,1950,283300
20240202,11:40:10,1.85,3200,283300
20240202,11:40:12,1.8,50,283300
20240202,11:40:16,1.85,4050,283300
20240202,11:40:17,1.9,200,283300
20240202,11:40:18,1.85,600,283300
20240202,11:40:19,1.9,1700,283300
20240202,11:40:20,1.9,450,283300
20240202,11:40:22,2.0,6650,283300
20240202,11:40:24,2.0,1550,283300
20240202,11:40:25,2.0,150,283300
20240202,11:40:26,1.95,95850,283300
20240202,11:40:27,2.0,150,283300
20240202,11:40:29,1.95,750,283300
20240202,11:40:30,2.0,200,283300
20240202,11:40:31,1.95,1000,283300
20240202,11:40:32,1.95,50,283300
20240202,11:40:34,1.95,250,283300
20240202,11:40:35,1.9,10650,283300
20240202,11:40:36,2.0,6100,283300
20240202,11:40:37,2.0,300,283300
20240202,11:40:38,1.9,450,283300
20240202,11:40:39,1.95,150,283300
20240202,11:40:40,1.95,50,283300
20240202,11:40:41,1.95,350,283300
20240202,11:40:42,1.9,3000,283300
20240202,11:40:44,1.95,350,283300
20240202,11:40:45,1.95,100,283300
20240202,11:40:46,1.9,50,283300
20240202,11:40:47,1.95,100,283300
20240202,11:40:50,1.9,100,283300
20240202,11:40:51,1.9,100,283300
20240202,11:40:52,1.95,1800,283300
20240202,11:40:53,1.95,150,283300
20240202,11:40:54,1.95,1800,283300
20240202,11:40:55,1.9,1900,283300
20240202,11:40:57,1.95,50,283300
20240202,11:40:59,1.95,500,283300
20240202,11:41:01,1.9,9250,283300
20240202,11:41:02,1.9,15700,283300
20240202,11:41:03,1.9,7550,283300
20240202,11:41:04,1.9,12150,283300
20240202,11:41:05,1.85,10900,283300
20240202,11:41:06,1.85,11850,283300
20240202,11:41:07,1.85,15000,283300
20240202,11:41:08,1.85,6300,283300
20240202,11:41:09,1.85,15600,283300
20240202,11:41:10,1.8,9150,283300
20240202,11:41:11,1.8,8300,283300
20240202,11:41:12,1.85,13750,283300
20240202,11:41:13,1.85,6450,283300
20240202,11:41:14,1.8,7600,283300
20240202,11:41:15,1.8,7500,283300
20240202,11:41:16,1.8,7200,283300
20240202,11:41:17,1.8,14050,283300
20240202,11:41:18,1.8,6000,283300
20240202,11:41:19,1.75,10150,283300
20240202,11:41:20,1.75,8500,283300
20240202,11:41:21,1.75,3200,283300
20240202,11:41:22,1.75,7000,283300
20240202,11:41:23,1.75,8300,283300
20240202,11:41:24,1.75,7100,283300
20240202,11:41:25,1.75,5550,283300
20240202,11:41:26,1.7,9050,283300
20240202,11:41:27,1.75,9400,283300
20240202,11:41:28,1.75,17100,283300
20240202,11:41:29,1.75,9350,283300
20240202,11:41:30,1.75,11400,283300
20240202,11:41:31,1.75,4200,283300
20240202,11:41:32,1.7,4900,422750
20240202,11:41:33,1.7,4000,422750
20240202,11:41:34,1.7,5300,422750
20240202,11:41:35,1.7,12000,422750
20240202,11:41:36,1.7,2950,422750
20240202,11:41:37,1.7,3350,422750
20240202,11:41:38,1.7,4950,422750
20240202,11:41:39,1.7,10200,422750
20240202,11:41:40,1.7,12550,422750
20240202,11:41:41,1.7,4900,422750
20240202,11:41:42,1.7,3150,422750
20240202,11:41:43,1.7,6550,422750
20240202,11:41:44,1.75,4700,422750
20240202,11:41:45,1.75,8100,422750
20240202,11:41:46,1.75,10100,422750
20240202,11:41:47,1.75,6200,422750
20240202,11:41:48,1.8,6100,422750
20240202,11:41:49,1.8,2300,422750
20240202,11:41:50,1.75,9000,422750
20240202,11:41:51,1.75,1750,422750
20240202,11:41:52,1.75,1750,422750
20240202,11:41:53,1.75,350,422750
20240202,11:41:54,1.8,1250,422750
20240202,11:41:55,1.8,2650,422750
20240202,11:41:56,1.8,3550,422750
20240202,11:41:57,1.8,2450,422750
20240202,11:41:58,1.8,7500,422750
20240202,11:41:59,1.8,10200,422750
20240202,11:42:00,1.85,3850,422750
20240202,11:42:01,1.85,50,422750
20240202,11:42:03,1.85,19300,422750
20240202,11:42:04,1.85,50,422750
20240202,11:42:08,1.85,6800,422750
20240202,11:42:11,1.8,250,422750
20240202,11:42:12,1.85,200,422750
20240202,11:42:13,1.85,3500,422750
20240202,11:42:15,1.85,50,422750
20240202,11:42:16,1.85,1700,422750
20240202,11:42:17,1.85,3700,422750
20240202,11:42:18,1.85,9150,422750
20240202,11:42:21,1.85,3800,422750
20240202,11:42:21,1.85,800,422750
20240202,11:42:22,1.85,1550,422750
20240202,11:42:23,1.9,100,422750
20240202,11:42:24,1.85,1450,422750
20240202,11:42:26,1.85,2350,422750
20240202,11:42:26,1.85,1950,422750
20240202,11:42:27,1.9,250,422750
20240202,11:42:29,1.85,50,422750
20240202,11:42:31,1.9,550,422750
20240202,11:42:34,1.9,50,422750
20240202,11:42:36,1.9,50,422750
20240202,11:42:38,1.9,50,422750
20240202,11:42:40,1.85,50,422750
20240202,11:42:41,1.9,100,422750
20240202,11:42:42,1.85,100,422750
20240202,11:42:46,1.85,550,422750
20240202,11:42:47,1.8,5200,422750
20240202,11:42:48,1.85,900,422750
20240202,11:42:51,1.75,650,422750
20240202,11:42:52,1.8,6700,422750
20240202,11:42:53,1.75,1600,422750
20240202,11:42:57,1.7,10100,422750
20240202,11:42:57,1.7,50,422750
20240202,11:42:58,1.75,450,422750
20240202,11:42:59,1.75,900,422750
20240202,11:43:00,1.7,350,422750
20240202,11:43:01,1.75,50,422750
20240202,11:43:05,1.75,100,422750
20240202,11:43:06,1.75,50,422750
20240202,11:43:07,1.7,6050,422750
20240202,11:43:08,1.65,1100,422750
20240202,11:43:09,1.65,150,422750
20240202,11:43:10,1.7,300,422750
20240202,11:43:11,1.65,150,422750
20240202,11:43:12,1.6,2500,422750
20240202,11:43:13,1.65,150,422750
20240202,11:43:14,1.55,16700,422750
20240202,11:43:15,1.55,2850,422750
20240202,11:43:16,1.55,50,422750
20240202,11:43:17,1.5,450,422750
20240202,11:43:18,1.5,1850,422750
20240202,11:43:19,1.45,500,422750
20240202,11:43:20,1.4,650,422750
20240202,11:43:21,1.45,1050,422750
20240202,11:43:22,1.4,2700,422750
20240202,11:43:23,1.4,200,422750
20240202,11:43:24,1.35,10700,422750
20240202,11:43:25,1.3,200,422750
20240202,11:43:26,1.3,550,422750
20240202,11:43:27,1.3,800,422750
20240202,11:43:28,1.3,9650,422750
20240202,11:43:29,1.3,200,422750
20240202,11:43:30,1.3,3250,422750
20240202,11:43:31,1.25,200,422750
20240202,11:43:32,1.3,750,422750
20240202,11:43:33,1.25,150,422750
20240202,11:43:34,1.25,150,422750
20240202,11:43:35,1.25,150,422750
20240202,11:43:36,1.25,900,422750
20240202,11:43:37,1.25,200,422750
20240202,11:43:38,1.35,3650,422750
20240202,11:43:39,1.3,150,422750
20240202,11:43:40,1.35,100,422750
20240202,11:43:42,1.35,450,422750
20240202,11:43:43,1.35,50,422750
20240202,11:43:45,1.4,50,422750
20240202,11:43:46,1.4,100,422750
20240202,11:43:47,1.4,150,422750
20240202,11:43:48,1.35,300,422750
20240202,11:43:49,1.35,3800,422750
20240202,11:43:50,1.4,1300,422750
20240202,11:43:51,1.4,300,422750
20240202,11:43:52,1.35,6500,422750
20240202,11:43:53,1.35,1300,422750
20240202,11:43:54,1.3,800,422750
20240202,11:43:55,1.3,200,422750
20240202,11:43:58,1.3,550,422750
20240202,11:44:00,1.35,50,422750
20240202,11:44:02,1.35,5150,422750
20240202,11:44:03,1.35,200,422750
20240202,11:44:04,1.35,100,422750
20240202,11:44:05,1.35,50,422750
20240202,11:44:09,1.35,1350,422750
20240202,11:44:10,1.35,150,422750
20240202,11:44:12,1.4,50,422750
20240202,11:44:12,1.35,600,422750
20240202,11:44:14,1.4,50,422750
20240202,11:44:17,1.4,100,422750
20240202,11:44:18,1.4,50,422750
20240202,11:44:20,1.4,50,422750
20240202,11:44:22,1.4,1550,422750
20240202,11:44:23,1.4,6750,422750
20240202,11:44:24,1.45,100,422750
20240202,11:44:25,1.4,800,422750
20240202,11:44:26,1.35,600,422750
20240202,11:44:28,1.4,100,422750
20240202,11:44:30,1.4,50,422750
20240202,11:44:32,1.35,600,469150
20240202,11:44:34,1.4,50,469150
20240202,11:44:35,1.4,100,469150
20240202,11:44:36,1.4,100,469150
20240202,11:44:37,1.4,1850,469150
20240202,11:44:38,1.4,50,469150
20240202,11:44:39,1.4,50,469150
20240202,11:44:40,1.4,500,469150
20240202,11:44:41,1.4,50,469150
20240202,11:44:42,1.4,50,469150
20240202,11:44:43,1.4,50,469150
20240202,11:44:45,1.4,50,469150
20240202,11:44:47,1.4,100,469150
20240202,11:44:49,1.4,50,469150
20240202,11:44:52,1.4,50,469150
20240202,11:44:53,1.4,550,469150
20240202,11:44:55,1.4,800,469150
20240202,11:44:57,1.4,200,469150
20240202,11:44:59,1.4,50,469150
20240202,11:45:01,1.4,1050,469150
20240202,11:45:03,1.4,50,469150
20240202,11:45:06,1.4,550,469150
20240202,11:45:08,1.4,1050,469150
20240202,11:45:10,1.4,50,469150
20240202,11:45:11,1.4,1000,469150
20240202,11:45:12,1.45,100,469150
20240202,11:45:16,1.45,50,469150
20240202,11:45:17,1.4,150,469150
20240202,11:45:19,1.45,1800,469150
20240202,11:45:20,1.45,50,469150
20240202,11:45:22,1.4,250,469150
20240202,11:45:23,1.45,100,469150
20240202,11:45:24,1.45,50,469150
20240202,11:45:26,1.45,50,469150
20240202,11:45:27,1.45,2800,469150
20240202,11:45:28,1.5,50,469150
20240202,11:45:30,1.45,100,469150
20240202,11:45:33,1.45,1850,469150
