date,time,tick_price,volume,open_interest
20231227,13:10:33,745.55,50,50
20231227,13:22:20,754.25,50,50
20240102,11:45:33,791.95,1,100
20240102,11:45:33,791.95,50,100
20240102,14:11:13,755.0,50,100
20240109,11:46:55,717.25,1,100
20240109,11:46:55,717.25,50,100
20240109,13:00:18,711.0,100,50
20240109,14:26:28,653.85,100,100
20240111,14:27:57,610.0,1,100
20240111,14:27:57,610.0,50,100
20240112,09:26:45,659.9,1,150
20240112,09:26:45,659.9,100,150
20240112,10:11:50,760.0,100,150
20240115,09:17:17,950.0,1,250
20240115,09:17:17,950.0,50,250
20240115,09:18:58,960.0,50,300
20240115,09:20:18,973.0,150,300
20240115,09:23:28,973.0,200,500
20240115,09:26:38,990.0,200,600
20240115,09:27:03,990.0,100,600
20240115,09:28:51,990.0,250,600
20240115,09:31:37,990.0,200,1150
20240115,09:34:29,965.9,50,1350
20240115,09:48:10,929.3,500,1300
20240115,09:49:16,929.3,500,1300
20240115,10:28:20,940.1,50,1400
20240115,11:31:26,970.0,50,1400
20240116,12:58:26,950.0,1,1450
20240116,12:58:26,950.0,50,1450
20240117,10:53:41,690.0,1,1500
20240117,10:53:41,690.0,50,1500
20240117,10:54:01,700.0,50,1550
20240117,11:31:07,700.0,50,1600
20240117,11:39:35,677.65,50,1650
20240117,11:59:06,650.0,150,1650
20240117,12:16:27,650.0,50,1650
20240117,12:51:19,640.0,50,1700
20240117,12:54:56,636.45,950,1700
20240117,12:55:06,635.7,550,1700
20240117,12:55:55,635.7,100,1700
20240117,12:56:15,642.0,50,1700
20240117,12:56:24,644.2,250,1700
20240117,12:56:36,638.75,200,1700
20240117,12:56:48,637.65,200,1700
20240117,12:56:58,637.45,100,1700
20240117,12:57:37,634.55,200,2700
20240117,12:57:47,634.55,50,2700
20240117,12:58:04,635.05,50,2700
20240117,12:58:13,633.5,150,2700
20240117,12:59:46,632.2,400,2700
20240117,13:00:17,632.2,50,2700
20240117,13:04:30,648.7,50,3400
20240117,13:04:41,648.25,100,3400
20240117,13:07:55,650.55,50,3550
20240117,13:10:34,627.1,3000,3600
20240117,13:12:10,636.7,3150,3600
20240117,13:12:29,637.0,50,8550
20240117,13:12:38,634.95,100,8550
20240117,13:13:00,631.7,400,8550
20240117,13:13:38,636.1,400,8550
20240117,13:14:27,629.95,500,8550
20240117,13:16:15,630.9,500,10000
20240117,13:17:15,638.3,500,10000
20240117,13:18:03,633.7,500,10000
20240117,13:18:49,644.8,3000,10500
20240117,13:20:45,628.6,500,10500
20240117,13:22:36,628.65,500,8100
20240117,13:22:53,629.3,500,8100
20240117,13:23:19,630.4,500,8100
20240117,13:24:12,630.4,50,8100
20240117,13:34:25,630.65,50,9650
20240117,13:36:27,628.6,100,9650
20240117,13:37:55,626.55,50,9650
20240117,13:39:57,623.05,500,9800
20240117,13:40:09,623.65,100,9800
20240117,13:41:28,632.0,500,9800
20240117,13:50:27,653.0,50,9900
20240117,14:17:19,652.8,500,9900
20240117,14:17:47,634.45,100,9900
20240117,14:19:23,624.9,600,10000
20240117,14:19:34,624.05,250,10000
20240117,14:19:44,626.2,550,10000
20240117,14:20:12,623.0,50,10000
20240117,14:21:55,618.2,50,10200
20240117,14:22:14,617.6,50,10200
20240117,14:29:26,593.9,650,10200
20240117,14:30:51,593.9,450,10200
20240117,15:28:06,557.65,100,10250
20240118,09:16:11,479.5,1,10250
20240118,09:16:11,472.1,450,10250
20240118,09:16:33,472.0,300,10250
20240118,09:17:05,470.95,100,10250
20240118,09:17:49,470.95,150,11000
20240118,09:18:40,501.35,100,11000
20240118,09:19:43,501.35,350,11000
20240118,09:19:47,490.75,1000,11000
20240118,09:20:23,486.6,200,11000
20240118,09:20:34,493.15,50,11000
20240118,09:20:53,489.7,50,11550
20240118,09:24:58,485.0,1000,11600
20240118,09:25:19,484.05,50,11600
20240118,09:28:41,480.0,1000,11650
20240118,09:30:58,469.5,1050,12350
20240118,09:31:29,467.2,100,12350
20240118,09:33:04,467.2,50,13250
20240118,09:33:35,464.05,550,13250
20240118,09:33:46,464.05,50,13250
20240118,09:35:47,458.2,100,13700
20240118,09:35:59,459.45,100,13700
20240118,09:36:35,456.05,100,13700
20240118,09:36:47,448.0,250,13700
20240118,09:36:58,448.0,100,13700
20240118,09:37:09,448.1,500,13700
20240118,09:37:20,444.6,100,13700
20240118,09:37:31,444.6,150,13700
20240118,09:37:42,443.85,150,13700
20240118,09:37:53,443.75,100,13700
20240118,09:38:05,443.75,1050,13700
20240118,09:38:48,447.35,50,14900
20240118,09:39:07,444.0,250,14900
20240118,09:39:56,444.0,50,14900
20240118,09:40:07,441.0,50,14900
20240118,09:40:29,440.8,150,14900
20240118,09:42:44,440.8,50,15150
20240118,09:43:24,445.0,200,15150
20240118,09:43:34,443.75,100,15150
20240118,09:43:44,445.15,100,15150
20240118,09:44:13,446.4,50,15150
20240118,09:44:42,446.75,50,15150
20240118,09:45:02,445.15,50,15150
20240118,09:46:28,445.15,100,15150
20240118,09:47:11,431.0,100,15150
20240118,09:47:46,431.0,1000,15150
20240118,09:48:41,426.0,50,15150
20240118,09:49:04,425.95,50,15150
20240118,09:50:16,422.65,50,15150
20240118,09:50:27,422.5,50,15150
20240118,09:50:59,418.0,50,15850
20240118,09:51:10,418.0,50,15850
20240118,09:51:44,415.15,50,15850
20240118,09:51:53,412.25,50,15850
20240118,09:52:03,412.25,50,15850
20240118,09:52:47,403.9,50,15850
20240118,09:52:58,401.55,50,15850
20240118,09:54:56,401.55,250,16000
20240118,09:55:07,405.0,500,16000
20240118,09:55:18,404.2,150,16000
20240118,09:55:28,402.1,50,16000
20240118,09:55:57,407.8,50,16000
20240118,09:56:25,406.25,100,16000
20240118,09:56:45,404.5,50,16000
20240118,09:56:57,401.0,50,16700
20240118,09:57:09,400.0,250,16700
20240118,09:57:21,397.45,250,16700
20240118,09:58:26,396.0,50,16700
20240118,09:58:37,395.0,50,16700
20240118,09:58:48,394.0,150,16700
20240118,09:59:43,395.0,50,16700
20240118,09:59:53,394.65,50,16600
20240118,10:00:23,398.8,50,16600
20240118,10:00:34,395.5,700,16600
20240118,10:00:44,398.8,1500,16600
20240118,10:00:55,399.95,50,16600
20240118,10:01:17,406.95,50,16600
20240118,10:01:28,410.5,150,16600
20240118,10:03:43,409.05,400,17500
20240118,10:04:44,409.05,500,17500
20240118,10:05:53,409.0,1500,18400
20240118,10:06:03,412.0,50,18400
20240118,10:07:06,421.05,50,18400
20240118,10:07:19,431.05,50,18400
20240118,10:07:42,423.25,50,18400
20240118,10:08:15,427.0,50,18400
20240118,10:09:21,448.0,800,17400
20240118,10:09:33,445.0,100,17400
20240118,10:09:45,446.0,350,17400
20240118,10:09:58,462.0,50,17400
20240118,10:10:11,467.7,1100,17400
20240118,10:10:24,472.1,300,17400
20240118,10:10:36,460.25,300,17400
20240118,10:10:48,455.1,150,17400
20240118,10:11:00,451.75,50,17400
20240118,10:11:11,450.45,100,17400
20240118,10:11:32,447.05,50,17400
20240118,10:11:44,438.1,100,17400
20240118,10:12:18,453.15,50,17350
20240118,10:12:39,453.95,200,17350
20240118,10:12:50,457.2,3200,17350
20240118,10:13:00,452.25,450,17350
20240118,10:13:11,448.5,800,17350
20240118,10:13:21,449.8,150,17350
20240118,10:13:52,446.45,200,17350
20240118,10:14:33,440.5,350,17350
20240118,10:14:44,444.6,500,17350
20240118,10:14:54,445.25,250,18350
20240118,10:15:25,442.05,50,18350
20240118,10:15:36,435.55,100,18350
20240118,10:15:48,432.25,150,18350
20240118,10:15:59,436.95,250,18350
20240118,10:16:40,434.05,50,18350
20240118,10:16:51,429.0,50,18350
20240118,10:17:02,432.25,100,18350
20240118,10:17:23,434.2,250,18350
20240118,10:17:33,435.5,250,18350
20240118,10:17:53,435.65,50,18250
20240118,10:18:03,436.8,600,18250
20240118,10:18:34,435.7,300,18250
20240118,10:18:44,432.8,50,18250
20240118,10:18:54,431.55,100,18250
20240118,10:19:23,431.55,300,18250
20240118,10:20:42,436.1,300,18250
20240118,10:21:03,440.7,200,17550
20240118,10:23:11,445.05,50,17550
20240118,10:24:03,445.6,100,17550
20240118,10:24:13,441.0,200,17400
20240118,10:24:34,447.3,300,17400
20240118,10:24:45,443.35,650,17400
20240118,10:24:55,445.4,450,17400
20240118,10:25:05,447.85,500,17400
20240118,10:25:15,448.75,250,17400
20240118,10:25:25,449.25,350,17400
20240118,10:25:36,449.95,500,17400
20240118,10:25:46,451.05,450,17400
20240118,10:25:56,450.75,50,17400
20240118,10:26:07,453.25,100,17400
20240118,10:26:18,453.25,100,17400
20240118,10:26:30,454.3,400,17400
20240118,10:26:40,455.65,850,17400
20240118,10:26:52,458.25,100,21050
20240118,10:27:03,460.55,450,21050
20240118,10:27:14,461.4,150,21050
20240118,10:27:24,460.05,100,21050
20240118,10:27:35,454.95,50,21050
20240118,10:27:46,455.3,300,21050
20240118,10:27:56,459.85,400,21050
20240118,10:28:16,461.7,150,21050
20240118,10:28:26,461.2,200,21050
20240118,10:28:36,460.65,50,21050
20240118,10:28:47,463.5,400,21050
20240118,10:28:58,462.95,500,21050
20240118,10:29:09,467.1,850,21050
20240118,10:29:19,464.35,50,21050
20240118,10:29:40,462.8,150,21050
20240118,10:29:50,460.85,150,24550
20240118,10:30:11,460.0,100,24550
20240118,10:30:21,460.9,250,24550
20240118,10:30:52,465.4,100,24550
20240118,10:31:03,464.15,50,24550
20240118,10:31:23,468.05,150,24550
20240118,10:31:33,464.85,100,24550
20240118,10:31:44,467.3,100,24550
20240118,10:31:54,466.25,100,24550
20240118,10:32:05,465.35,50,24550
20240118,10:32:15,463.65,50,24550
20240118,10:32:25,460.2,50,24550
20240118,10:32:56,461.6,50,25150
20240118,10:33:05,462.1,50,25150
20240118,10:34:17,450.0,100,25150
20240118,10:34:48,445.45,50,25150
20240118,10:35:00,444.6,650,25150
20240118,10:35:10,448.2,50,25150
20240118,10:35:42,442.85,50,25150
20240118,10:35:52,440.0,100,25150
20240118,10:36:23,449.45,100,25450
20240118,10:37:06,462.75,100,25450
20240118,10:38:17,465.4,200,25450
20240118,10:38:28,464.05,100,25450
20240118,10:38:38,465.2,50,25450
20240118,10:38:58,467.85,50,25450
20240118,10:39:08,461.75,50,25450
20240118,10:39:18,468.45,250,25400
20240118,10:39:29,464.25,50,25400
20240118,10:39:39,470.0,150,25400
20240118,10:39:50,469.1,100,25400
20240118,10:40:01,469.0,850,25400
20240118,10:40:33,470.2,50,25400
20240118,10:40:44,467.45,50,25400
20240118,10:41:25,463.9,100,25400
20240118,10:42:16,467.6,100,24550
20240118,10:42:27,467.6,50,24550
20240118,10:44:39,478.0,50,24550
20240118,10:44:52,475.85,150,24550
20240118,10:45:05,477.4,350,24400
20240118,10:46:11,474.5,100,24400
20240118,10:47:55,480.45,200,24100
20240118,10:48:06,485.2,100,24100
20240118,10:48:30,489.4,150,24100
20240118,10:48:42,487.55,50,24100
20240118,10:48:53,491.7,200,24100
20240118,10:49:50,491.95,50,24100
20240118,10:50:22,491.95,100,24100
20240118,10:51:41,488.0,50,23700
20240118,10:52:07,482.85,50,23700
20240118,10:52:19,481.05,50,23700
20240118,10:52:31,479.35,50,23700
20240118,10:53:12,486.0,50,23700
20240118,10:54:56,479.25,150,23600
20240118,10:55:07,477.0,50,23600
20240118,10:56:24,478.05,50,23600
20240118,10:56:34,481.15,50,23600
20240118,10:57:26,474.0,50,23700
20240118,10:57:37,476.45,100,23700
20240118,10:58:48,480.4,50,23700
20240118,11:01:14,481.7,50,23700
20240118,11:01:34,481.95,100,23700
20240118,11:02:06,476.35,150,23700
20240118,11:02:16,477.95,300,23700
20240118,11:02:27,476.3,100,23700
20240118,11:02:37,476.2,50,23700
20240118,11:06:17,479.15,50,23400
20240118,11:09:13,492.2,50,23450
20240118,11:09:39,496.25,150,23450
20240118,11:10:03,496.35,100,23450
20240118,11:12:12,496.0,50,23300
20240118,11:13:38,493.65,50,23300
20240118,11:13:49,496.5,400,23300
20240118,11:13:59,494.85,50,23300
20240118,11:14:30,498.0,50,23300
20240118,11:15:00,495.4,50,23750
20240118,11:15:31,485.55,100,23750
20240118,11:17:06,484.0,100,23750
20240118,11:18:28,484.0,50,23900
20240118,11:20:30,483.25,50,23900
20240118,11:24:02,495.65,50,24000
20240118,11:24:13,495.65,50,24000
20240118,11:32:18,501.9,100,24100
20240118,11:35:14,501.9,50,24100
20240118,11:36:05,488.15,250,24150
20240118,11:39:55,478.2,50,23900
20240118,11:40:43,480.0,250,23900
20240118,11:42:11,477.25,50,24100
20240118,11:42:22,472.0,50,24100
20240118,11:43:07,464.75,250,24100
20240118,11:44:16,470.3,50,24100
20240118,11:44:37,476.35,100,24100
20240118,11:50:50,480.0,50,24050
20240118,11:52:07,478.9,50,24050
20240118,11:53:15,482.45,50,24000
20240118,11:53:56,488.05,50,24000
20240118,11:54:46,489.4,150,24050
20240118,11:54:56,492.15,50,24050
20240118,11:56:43,494.1,50,24050
20240118,11:57:53,501.95,50,24100
20240118,11:59:13,508.15,50,24100
20240118,11:59:36,509.0,50,24100
20240118,11:59:57,510.3,50,24100
20240118,12:01:00,512.0,150,24200
20240118,12:01:11,513.7,50,24200
20240118,12:02:28,513.7,100,24200
20240118,12:02:38,501.6,50,24200
20240118,12:02:48,502.0,50,24200
20240118,12:03:30,501.0,50,24200
20240118,12:03:40,504.05,200,24200
20240118,12:03:51,506.4,250,24200
20240118,12:04:02,507.9,50,24200
20240118,12:04:23,507.85,50,24200
20240118,12:04:44,507.45,150,24200
20240118,12:05:57,513.55,50,24200
20240118,12:09:23,515.55,100,24800
20240118,12:09:34,515.05,50,24800
20240118,12:09:44,516.9,100,24800
20240118,12:11:36,522.8,50,24800
20240118,12:11:59,523.65,50,24800
20240118,12:12:33,523.65,50,25100
20240118,12:13:26,522.1,100,25100
20240118,12:14:20,522.85,400,25100
20240118,12:14:54,522.65,50,25100
20240118,12:15:41,525.55,100,25200
20240118,12:15:51,525.55,150,25200
20240118,12:18:10,523.0,150,25250
20240118,12:19:37,521.0,850,25250
20240118,12:19:48,521.2,50,25250
20240118,12:19:59,522.7,1000,25250
20240118,12:20:10,521.75,50,25250
20240118,12:22:48,531.3,600,23700
20240118,12:23:11,534.75,150,23700
20240118,12:24:38,540.0,200,23450
20240118,12:24:50,540.0,100,23450
20240118,12:25:56,539.4,1200,23450
20240118,12:26:07,542.4,300,23450
20240118,12:26:18,542.7,50,23450
20240118,12:26:28,542.7,100,23450
20240118,12:26:39,542.5,50,23450
20240118,12:29:57,530.5,50,23200
20240118,12:30:10,527.25,50,23250
20240118,12:30:23,525.65,50,23250
20240118,12:31:09,523.05,150,23250
20240118,12:31:20,526.55,150,23250
20240118,12:31:31,525.65,50,23250
20240118,12:32:35,522.95,50,23250
20240118,12:33:41,509.5,150,23700
20240118,12:34:16,500.85,250,23700
20240118,12:34:27,502.45,150,23700
20240118,12:34:39,503.45,50,23700
20240118,12:34:51,500.0,50,23700
20240118,12:35:27,498.35,250,23700
20240118,12:35:38,499.1,3300,23700
20240118,12:35:49,501.05,150,23700
20240118,12:35:59,503.0,50,23700
20240118,12:36:10,505.0,50,23700
20240118,12:36:21,502.0,1800,26100
20240118,12:38:24,501.85,100,26100
20240118,12:38:56,501.8,50,26100
20240118,12:40:09,498.2,50,27900
20240118,12:40:31,495.0,250,27900
20240118,12:41:25,502.9,50,27900
20240118,12:42:19,491.85,100,28150
20240118,12:44:26,479.65,1900,28150
20240118,12:44:39,477.3,50,28150
20240118,12:45:11,477.3,500,28150
20240118,12:45:23,481.65,200,29900
20240118,12:45:44,480.0,50,29900
20240118,12:46:05,482.65,50,29900
20240118,12:46:16,485.65,50,29900
20240118,12:46:37,480.0,50,29900
20240118,12:48:34,479.95,50,30050
20240118,12:49:44,476.05,50,30050
20240118,12:50:06,482.75,50,30050
20240118,12:52:58,485.05,50,30150
20240118,12:53:52,488.0,50,30150
20240118,12:54:58,483.35,100,30100
20240118,12:55:52,487.5,100,30100
20240118,12:56:55,484.2,50,30100
20240118,12:58:20,478.35,100,30350
20240118,13:00:08,472.05,50,30350
20240118,13:00:19,474.2,50,30400
20240118,13:02:21,477.8,50,30400
20240118,13:02:32,477.35,50,30400
20240118,13:03:25,470.85,50,30500
20240118,13:04:08,470.65,50,30500
20240118,13:04:20,470.65,500,30500
20240118,13:05:03,474.1,50,30500
20240118,13:05:24,476.0,100,30500
20240118,13:05:56,484.25,100,30500
20240118,13:06:19,480.3,100,31250
20240118,13:06:50,479.4,100,31250
20240118,13:09:38,485.9,50,31450
20240118,13:11:13,481.65,200,31450
20240118,13:12:36,475.9,50,31550
20240118,13:12:58,475.15,100,31550
20240118,13:13:56,477.1,100,31550
20240118,13:14:27,478.25,50,31550
20240118,13:15:28,479.65,50,31650
20240118,13:15:59,477.25,50,31650
20240118,13:16:10,479.2,50,31650
20240118,13:16:40,478.85,200,31650
20240118,13:17:09,477.6,50,31650
20240118,13:18:01,474.0,50,31650
20240118,13:18:11,476.05,50,31650
20240118,13:18:32,473.2,100,32100
20240118,13:18:42,477.65,100,32100
20240118,13:18:53,478.4,100,32100
20240118,13:19:03,479.4,100,32100
20240118,13:19:13,480.2,100,32100
20240118,13:19:23,480.25,50,32100
20240118,13:19:34,481.95,50,32100
20240118,13:20:38,487.55,50,32100
20240118,13:22:54,485.0,50,32650
20240118,13:23:46,488.95,50,32650
20240118,13:24:08,494.0,100,32650
20240118,13:27:18,483.85,100,32800
20240118,13:27:28,483.5,100,32800
20240118,13:27:38,482.9,50,32800
20240118,13:27:49,482.25,100,32800
20240118,13:28:00,483.4,150,32800
20240118,13:29:00,482.45,50,32800
20240118,13:29:42,477.7,250,32800
20240118,13:30:15,477.8,50,32800
20240118,13:30:36,477.3,50,33550
20240118,13:30:46,478.95,150,33550
20240118,13:30:57,475.15,150,33550
20240118,13:31:07,477.15,100,33550
20240118,13:31:18,477.0,50,33550
20240118,13:34:27,472.65,100,34100
20240118,13:34:37,471.9,300,34100
20240118,13:34:58,473.6,50,34100
20240118,13:35:52,475.2,50,34100
20240118,13:37:36,465.6,150,34500
20240118,13:38:10,463.2,100,34500
20240118,13:39:21,465.0,100,34400
20240118,13:41:01,466.65,50,34400
20240118,13:41:11,467.15,50,34400
20240118,13:42:15,461.15,250,34400
20240118,13:42:26,460.6,50,34400
20240118,13:42:37,462.7,50,34800
20240118,13:45:13,466.1,50,34800
20240118,13:53:34,471.45,50,34500
20240118,13:53:57,473.2,50,34500
20240118,13:58:23,478.15,50,34600
20240118,14:02:37,476.8,50,34600
20240118,14:04:52,471.0,50,34600
20240118,14:05:52,471.0,50,34600
20240118,14:07:13,470.4,200,34650
20240118,14:12:41,472.2,50,34800
20240118,14:13:01,470.4,50,34800
20240118,14:16:57,477.8,200,34900
20240118,14:18:06,469.95,100,34900
20240118,14:18:16,471.25,150,34900
20240118,14:22:03,470.15,100,35150
20240118,14:22:42,472.5,50,35150
20240118,14:23:30,469.8,150,35150
20240118,14:24:00,467.85,500,35150
20240118,14:26:58,462.0,100,35900
20240118,14:27:57,458.55,250,36000
20240118,14:30:39,456.55,50,36250
20240118,14:31:02,453.7,200,36250
20240118,14:31:15,451.55,50,36250
20240118,14:34:49,461.3,50,36400
20240118,14:36:00,461.0,50,36400
20240118,14:38:01,468.8,50,36500
20240118,14:41:21,481.15,100,36550
20240118,14:41:32,482.5,100,36550
20240118,14:42:17,491.8,100,36550
20240118,14:42:29,492.8,200,36550
20240118,14:42:41,493.45,150,36600
20240118,14:42:52,493.0,50,36600
20240118,14:43:26,489.5,2000,36600
20240118,14:44:20,489.5,50,36600
20240118,14:44:31,490.0,1250,36600
20240118,14:44:52,490.0,100,36600
20240118,14:48:12,490.0,50,36250
20240118,14:48:53,493.0,1800,36250
20240118,14:49:03,493.35,700,36250
20240118,14:50:19,493.35,50,36250
20240118,14:50:57,495.05,50,36250
20240118,14:51:03,498.0,50,36250
20240118,14:51:17,500.65,100,36250
20240118,14:51:24,499.8,50,36250
20240118,14:51:31,497.25,50,35000
20240118,14:51:47,497.25,100,35000
20240118,14:51:48,497.25,100,35000
20240118,14:51:49,497.25,1600,35000
20240118,14:53:21,497.25,50,35000
20240118,14:53:34,493.75,50,35000
20240118,14:54:08,491.65,50,35000
20240118,14:54:39,492.15,50,33950
20240118,14:55:43,484.1,50,33950
20240118,14:55:53,484.1,50,33950
20240118,14:57:17,481.4,50,33950
20240118,14:57:38,483.4,350,34150
20240118,14:57:48,482.6,650,34150
20240118,14:57:59,483.4,150,34150
20240118,14:58:29,484.1,50,34150
20240118,14:58:39,486.2,100,34150
20240118,14:59:20,478.55,50,34150
20240118,14:59:30,476.45,50,34150
20240118,14:59:50,476.85,150,34150
20240118,15:00:00,475.65,50,34150
20240118,15:00:20,480.45,50,34150
20240118,15:00:51,480.45,50,35600
20240118,15:01:12,475.15,250,35600
20240118,15:01:42,479.05,50,35600
20240118,15:02:41,477.6,250,35600
20240118,15:02:51,475.8,450,35600
20240118,15:03:58,475.3,50,35500
20240118,15:05:15,478.15,50,35500
20240118,15:05:24,479.35,50,35500
20240118,15:05:34,478.7,50,35500
20240118,15:05:53,476.8,300,35500
20240118,15:06:49,492.8,150,35950
20240118,15:07:11,499.05,250,35950
20240118,15:07:32,497.45,300,35950
20240118,15:08:55,498.4,800,35950
20240118,15:09:09,494.5,100,35950
20240118,15:11:11,498.9,150,36000
20240118,15:11:22,496.0,500,36000
20240118,15:11:33,492.15,50,36000
20240118,15:11:53,493.2,200,36000
20240118,15:13:30,492.65,50,36550
20240118,15:14:18,492.65,100,36550
20240118,15:14:30,494.75,150,36550
20240118,15:15:13,493.75,50,36550
20240118,15:16:02,491.0,200,36650
20240118,15:16:22,490.95,50,36650
20240118,15:19:01,496.0,100,36850
20240118,15:19:12,497.75,150,36850
20240118,15:19:25,499.55,250,36850
20240118,15:19:47,500.05,50,36850
20240118,15:19:58,500.1,50,36850
20240118,15:20:09,499.7,50,36850
20240118,15:20:29,500.0,50,36850
20240118,15:20:39,502.3,100,36850
20240118,15:20:50,502.6,200,36850
20240118,15:21:20,505.95,200,36850
20240118,15:21:31,503.95,50,37600
20240118,15:21:40,504.0,1000,37600
20240118,15:22:46,507.3,100,37600
20240118,15:23:21,511.25,150,37600
20240118,15:25:43,508.85,450,36500
20240118,15:26:17,509.2,150,36500
20240118,15:26:49,511.95,150,36500
20240118,15:27:21,511.75,650,36500
20240118,15:28:33,510.2,50,36650
20240118,15:29:04,509.1,100,36650
20240118,15:29:15,510.0,50,36650
20240118,15:29:47,500.25,50,36650
20240119,09:16:14,570.05,1,36600
20240119,09:16:14,570.05,50,36600
20240119,09:16:31,573.2,500,36600
20240119,09:16:39,577.3,300,36600
20240119,09:16:43,578.25,150,36600
20240119,09:17:01,580.8,250,36600
20240119,09:17:09,583.75,200,36600
20240119,09:17:14,583.75,200,36600
20240119,09:17:52,582.35,50,35900
20240119,09:17:56,585.0,50,35900
20240119,09:18:09,594.25,100,35900
20240119,09:18:22,595.55,200,35900
20240119,09:18:36,594.25,100,35900
20240119,09:19:17,582.2,150,35900
20240119,09:19:53,592.85,50,35900
20240119,09:20:27,590.9,50,35900
20240119,09:20:37,584.4,50,35600
20240119,09:21:04,582.35,100,35600
20240119,09:21:05,583.5,500,35600
20240119,09:21:15,582.0,50,35600
20240119,09:21:19,581.05,200,35600
20240119,09:21:29,583.2,450,35600
20240119,09:21:30,585.0,50,35600
20240119,09:22:03,597.0,100,35600
20240119,09:22:28,597.0,100,35600
20240119,09:22:52,591.45,50,35600
20240119,09:22:53,591.25,50,35600
20240119,09:23:52,586.5,100,35250
20240119,09:23:55,590.85,200,35250
20240119,09:23:57,593.9,50,35250
20240119,09:24:17,588.95,100,35250
20240119,09:25:55,585.95,50,35250
20240119,09:26:01,588.0,50,35250
20240119,09:26:08,588.85,50,35250
20240119,09:26:13,587.8,650,35250
20240119,09:28:22,598.25,100,34350
20240119,09:29:05,601.25,100,34350
20240119,09:30:52,601.25,100,34250
20240119,09:32:35,584.55,50,34150
20240119,09:32:40,581.85,100,34150
20240119,09:36:07,586.5,250,34100
20240119,09:37:02,583.75,100,34100
20240119,09:37:47,590.15,100,34100
20240119,09:38:12,592.15,50,34100
20240119,09:40:15,594.15,50,34050
20240119,09:40:26,594.7,50,34050
20240119,09:40:29,596.0,1350,34050
20240119,09:40:31,596.0,450,34050
20240119,09:41:14,593.15,50,34050
20240119,09:42:37,574.2,50,32550
20240119,09:42:46,575.65,50,32550
20240119,09:45:39,568.55,100,32600
20240119,09:46:51,568.55,50,32600
20240119,09:47:04,571.8,250,32600
20240119,09:48:57,579.35,100,32450
20240119,09:49:50,575.55,50,32450
20240119,09:50:14,569.25,100,32450
20240119,09:50:22,568.4,50,32450
20240119,09:50:27,565.65,150,32450
20240119,09:51:40,558.75,100,32250
20240119,09:51:55,558.75,50,32250
20240119,09:52:19,568.75,250,32250
20240119,09:52:20,567.15,200,32250
20240119,09:52:25,572.05,50,32250
20240119,09:54:29,580.0,1800,32250
20240119,10:06:50,588.75,150,30450
20240119,10:07:30,590.0,50,30450
20240119,10:12:42,587.3,50,30550
20240119,10:13:27,586.6,50,30550
20240119,10:13:28,585.75,50,30550
20240119,10:13:50,588.65,150,30550
20240119,10:14:20,583.3,450,30550
20240119,10:14:56,583.35,100,30750
20240119,10:15:57,583.15,100,30750
20240119,10:18:08,586.5,50,30650
20240119,10:19:21,579.85,200,30650
20240119,10:20:31,583.05,50,30650
20240119,10:21:55,582.75,150,30550
20240119,10:22:51,579.75,50,30550
20240119,10:24:03,595.7,150,30500
20240119,10:24:48,590.5,50,30500
20240119,10:24:49,594.0,100,30500
20240119,10:25:43,599.95,100,30500
20240119,10:28:59,606.05,200,30300
20240119,10:29:43,611.25,100,30100
20240119,10:29:55,611.25,50,30100
20240119,10:30:05,612.6,150,30100
20240119,10:31:10,612.6,50,30100
20240119,10:36:47,606.05,150,29850
20240119,10:37:39,607.55,50,29850
20240119,10:43:25,603.15,50,29850
20240119,10:57:31,580.0,100,29900
20240119,11:00:37,564.35,50,29900
20240119,11:01:37,577.0,50,29900
20240119,11:03:41,577.7,50,29900
20240119,11:06:14,560.0,50,29850
20240119,11:06:26,560.15,250,29850
20240119,11:07:01,547.3,50,29850
20240119,11:07:56,544.7,100,29850
20240119,11:08:20,544.6,100,29850
20240119,11:09:16,544.2,100,29600
20240119,11:10:12,530.95,150,29600
20240119,11:10:36,530.95,50,29600
20240119,11:11:12,546.8,150,29600
20240119,11:12:22,538.95,50,29350
20240119,11:15:08,540.3,50,29400
20240119,11:15:29,535.75,50,29400
20240119,11:17:41,549.6,50,29400
20240119,11:18:02,546.6,50,29450
20240119,11:20:12,550.0,1050,29450
20240119,11:20:44,550.0,50,28350
20240119,11:22:58,555.0,200,28350
20240119,11:26:48,549.75,500,28500
20240119,11:29:31,550.65,50,28500
20240119,11:29:51,551.85,50,29000
20240119,11:38:48,563.15,50,29050
20240119,11:39:32,577.5,50,29050
20240119,11:41:50,564.6,500,29050
20240119,11:46:30,549.7,100,28600
20240119,11:50:04,557.65,50,28700
20240119,11:53:28,564.25,50,28650
20240119,12:10:01,550.0,50,28650
20240119,12:18:41,547.3,50,28650
20240119,12:19:16,552.75,50,28650
20240119,12:27:06,549.3,100,28650
20240119,12:27:56,547.25,100,28650
20240119,12:29:16,547.05,50,28650
20240119,12:29:17,547.25,50,28650
20240119,12:29:26,546.85,50,28650
20240119,12:29:51,553.05,50,28650
20240119,12:30:30,558.85,100,28600
20240119,12:30:32,558.85,50,28600
20240119,12:31:01,553.75,150,28600
20240119,12:33:09,556.35,100,28450
20240119,12:34:12,555.55,150,28450
20240119,12:35:37,563.25,100,28450
20240119,12:35:42,562.75,50,28450
20240119,12:38:44,569.95,50,28300
20240119,12:39:01,570.0,100,28300
20240119,12:39:44,569.05,50,28300
20240119,12:39:49,566.85,350,28300
20240119,12:39:52,563.05,150,28300
20240119,12:40:15,559.4,150,28300
20240119,12:42:06,561.65,50,28100
20240119,12:43:45,561.65,50,28100
20240119,12:48:16,572.0,50,28100
20240119,12:48:44,572.0,100,28100
20240119,12:50:25,574.45,50,28100
20240119,12:51:53,571.65,100,28000
20240119,12:53:37,580.0,50,28000
20240119,12:53:39,581.25,50,28000
20240119,12:56:30,572.25,50,28050
20240119,12:56:36,572.6,50,28050
20240119,13:03:03,585.0,200,28000
20240119,13:04:09,579.55,100,28000
20240119,13:04:14,581.35,100,28000
20240119,13:06:46,585.0,100,27700
20240119,13:08:07,590.15,200,27700
20240119,13:09:29,595.75,100,27600
20240119,13:11:40,580.45,50,27600
20240119,13:12:39,590.95,50,27700
20240119,13:12:41,590.55,50,27700
20240119,13:12:53,590.0,50,27700
20240119,13:16:04,595.0,100,27650
20240119,13:17:15,597.45,100,27650
20240119,13:18:29,600.0,100,27850
20240119,13:19:33,605.25,250,27850
20240119,13:20:14,604.95,50,27850
20240119,13:20:19,604.15,50,27850
20240119,13:26:31,589.15,100,27550
20240119,13:27:57,578.4,150,27450
20240119,13:28:09,574.05,50,27450
20240119,13:28:26,570.1,50,27450
20240119,13:29:31,571.55,50,27450
20240119,13:31:23,577.95,50,27350
20240119,13:35:18,584.1,100,27300
20240119,13:35:55,589.65,100,27300
20240119,13:35:58,591.55,50,27300
20240119,13:36:00,593.25,50,27400
20240119,13:36:11,593.75,100,27400
20240119,13:45:49,590.15,50,27500
20240119,13:47:29,581.45,50,27500
20240119,13:47:34,585.95,100,27500
20240119,13:48:26,576.65,50,27400
20240119,13:49:58,587.35,50,27400
20240119,13:58:37,580.45,50,27400
20240119,13:58:43,580.25,50,27400
20240119,14:00:10,577.45,100,27400
20240119,14:00:35,574.3,400,27400
20240119,14:01:39,579.4,400,27400
20240119,14:02:40,568.1,400,27400
20240119,14:02:48,571.45,100,27400
20240119,14:02:58,570.65,100,27400
20240119,14:03:08,569.95,500,27650
20240119,14:03:27,566.05,50,27650
20240119,14:03:34,560.6,400,27650
20240119,14:04:36,570.65,50,27650
20240119,14:04:41,569.55,50,27650
20240119,14:05:03,567.8,100,27650
20240119,14:05:06,564.6,150,27650
20240119,14:05:57,566.3,100,27650
20240119,14:08:03,566.9,450,28150
20240119,14:08:38,571.55,200,28150
20240119,14:09:05,573.75,250,28200
20240119,14:09:35,576.85,200,28200
20240119,14:11:35,568.55,100,28200
20240119,14:13:01,575.6,500,27850
20240119,14:13:32,572.3,150,27850
20240119,14:17:29,575.25,150,27950
20240119,14:18:14,576.45,50,28100
20240119,14:19:17,574.75,500,28100
20240119,14:19:27,575.55,50,28100
20240119,14:20:05,576.45,50,28100
20240119,14:20:15,576.45,100,28100
20240119,14:22:04,586.65,100,27750
20240119,14:22:09,586.65,150,27750
20240119,14:22:16,586.5,200,27750
20240119,14:27:24,596.25,100,27700
20240119,14:30:04,596.05,150,27700
20240119,14:35:29,600.05,100,27550
20240119,14:35:39,600.85,50,27550
20240119,14:35:41,599.3,50,27550
20240119,14:37:03,590.8,250,27650
20240119,14:37:04,590.2,250,27650
20240119,14:37:34,590.0,50,27650
20240119,14:37:39,590.85,100,27650
20240119,14:38:01,597.6,150,27650
20240119,14:40:25,609.6,50,27450
20240119,14:40:39,608.45,50,27450
20240119,14:40:59,606.8,50,27450
20240119,14:41:42,603.05,50,27450
20240119,14:41:43,601.45,50,27450
20240119,14:44:04,617.4,150,27400
20240119,14:44:13,620.0,100,27400
20240119,14:44:31,620.0,100,27400
20240119,14:44:39,612.55,100,27400
20240119,14:46:00,615.8,50,27050
20240119,14:47:47,609.7,100,27050
20240119,14:48:20,603.8,50,27050
20240119,14:50:00,600.45,250,27050
20240119,14:50:48,606.25,50,27050
20240119,14:51:34,603.05,100,26900
20240119,14:52:06,603.8,50,26900
20240119,14:55:45,609.75,150,27000
20240119,14:57:32,600.55,100,27100
20240119,14:58:02,604.3,50,27100
20240119,14:58:05,604.05,50,27100
20240119,14:58:59,605.85,50,27100
20240119,14:59:07,601.05,100,27100
20240119,15:00:10,606.85,100,27100
20240119,15:00:14,606.0,200,27150
20240119,15:00:24,609.8,100,27150
20240119,15:00:40,596.4,400,27150
20240119,15:00:59,574.55,350,27150
20240119,15:01:00,576.55,250,27150
20240119,15:01:02,576.0,100,27150
20240119,15:01:12,589.45,50,27150
20240119,15:01:17,588.7,100,27150
20240119,15:01:20,592.5,100,27150
20240119,15:01:25,592.45,50,27150
20240119,15:01:27,593.25,250,27150
20240119,15:02:04,597.85,50,27150
20240119,15:02:24,592.05,150,27150
20240119,15:02:25,591.8,50,27150
20240119,15:02:39,582.55,50,27150
20240119,15:02:40,583.5,50,27150
20240119,15:02:50,586.45,100,27150
20240119,15:07:20,604.5,350,26950
20240119,15:07:30,606.05,50,26950
20240119,15:08:31,599.15,50,26950
20240119,15:13:02,592.55,50,27200
20240119,15:19:01,602.3,50,27150
20240119,15:21:45,602.0,100,27150
20240119,15:24:01,603.7,150,27150
20240119,15:24:03,603.0,50,27150
20240119,15:24:16,601.25,50,27200
20240119,15:25:10,601.2,50,27200
20240119,15:25:20,601.4,200,27200
20240119,15:25:21,601.4,100,27200
20240119,15:25:31,601.2,50,27200
20240119,15:26:11,598.05,150,27200
20240119,15:27:49,601.8,100,26750
20240119,15:28:00,602.85,50,26750
20240119,15:28:11,600.85,50,26750
20240119,15:28:34,603.0,150,26750
20240119,15:29:50,603.0,100,26750
20240119,15:29:52,603.0,50,26750
20240120,09:18:43,620.0,1,26750
20240120,09:18:43,620.0,200,26750
20240120,09:25:09,632.0,50,26750
20240120,09:30:06,632.0,50,26750
20240120,09:31:26,620.45,50,26750
20240120,09:31:45,626.15,50,26750
20240120,09:31:56,620.45,50,26750
20240120,09:40:16,620.15,100,26950
20240120,09:41:10,609.25,50,26950
20240120,09:42:36,609.25,50,27100
20240120,09:43:54,608.65,300,27100
20240120,09:44:29,608.65,50,27100
20240120,09:50:57,619.25,50,27150
20240120,09:57:24,630.3,50,27200
20240120,09:59:33,590.25,50,27200
20240120,10:01:51,590.25,50,27250
20240120,10:04:47,596.0,500,27300
20240120,10:09:31,590.0,50,27800
20240120,10:12:30,590.0,50,27850
20240120,10:13:58,610.4,50,27850
20240120,10:14:23,617.95,50,27850
20240120,10:15:16,609.25,50,27900
20240120,10:15:44,618.0,100,27900
20240120,10:21:40,618.15,50,27800
20240120,10:24:01,618.0,100,27800
20240120,10:24:48,617.8,500,27800
20240120,10:29:28,618.0,1300,27400
20240120,10:29:38,618.0,500,27400
20240120,10:31:48,620.0,1200,27400
20240120,10:42:19,617.05,100,27400
20240120,10:42:28,615.95,100,27400
20240120,10:42:36,615.3,400,27400
20240120,10:51:41,612.55,100,27500
20240120,10:57:44,602.2,50,27400
20240120,11:01:19,608.25,50,27400
20240120,11:05:55,611.55,50,27400
20240120,11:08:09,614.85,50,27400
20240120,11:23:16,606.0,50,27300
20240120,11:36:48,606.0,300,27250
20240120,11:45:28,611.35,100,27250
20240120,12:01:22,605.0,50,27250
20240120,12:06:22,600.0,50,27250
20240120,12:21:00,596.6,50,27250
20240120,12:35:04,580.0,100,27300
20240120,12:37:55,561.1,50,27400
20240120,12:41:39,560.0,50,27400
20240120,12:43:45,560.0,100,27450
20240120,12:46:15,565.9,50,27500
20240120,12:49:29,582.0,50,27550
20240120,12:56:21,580.0,50,27600
20240120,13:02:28,585.5,50,27600
20240120,13:10:24,582.9,100,27650
20240120,13:12:23,582.9,100,27750
20240120,13:25:45,582.9,50,27650
20240120,13:39:44,573.3,50,27700
20240120,13:46:39,565.0,50,27700
20240120,13:47:54,565.0,50,27700
20240120,13:49:09,564.9,50,27800
20240120,13:49:48,560.0,150,27800
20240120,13:52:25,560.0,50,27750
20240120,13:56:12,575.0,100,27800
20240120,14:02:24,574.45,50,27800
20240120,14:02:40,575.85,50,27800
20240120,14:04:32,567.55,250,27800
20240120,14:06:30,567.55,250,28050
20240120,14:12:17,574.65,50,28300
20240120,14:14:13,571.1,50,28300
20240120,14:18:02,565.0,50,28300
20240120,14:25:35,573.0,50,28350
20240120,14:41:43,565.0,50,28300
20240120,14:42:51,560.0,100,28350
20240120,14:43:41,540.0,50,28350
20240120,14:46:00,540.0,50,28500
20240120,14:46:28,536.0,50,28500
20240120,14:46:52,531.1,50,28500
20240120,14:47:19,531.1,50,28500
20240120,14:48:34,555.6,100,28650
20240120,14:49:33,565.0,100,28650
20240120,14:50:22,562.1,100,28650
20240120,14:51:33,553.45,50,28650
20240120,14:51:49,555.7,100,28650
20240120,14:53:28,560.75,150,28650
20240120,14:53:41,556.8,150,28650
20240120,14:54:08,555.85,150,28650
20240120,14:54:41,556.75,250,28600
20240120,14:54:47,556.75,100,28600
20240120,14:55:08,555.25,200,28600
20240120,14:55:14,554.4,50,28600
20240120,14:55:28,556.15,100,28600
20240120,14:55:35,553.0,50,28600
20240120,14:56:29,545.0,50,28600
20240120,14:57:38,542.65,50,28850
20240120,14:57:53,540.0,50,28850
20240120,14:58:24,544.2,50,28850
20240120,15:00:04,547.6,50,28850
20240120,15:00:38,540.1,50,29050
20240120,15:01:16,530.0,100,29050
20240120,15:01:38,530.0,50,29050
20240120,15:01:49,529.0,50,29050
20240120,15:02:08,529.0,50,29050
20240120,15:02:38,521.7,50,29050
20240120,15:02:52,518.85,50,29050
20240120,15:02:53,518.85,50,29050
20240120,15:04:02,526.3,200,29300
20240120,15:04:25,524.6,50,29300
20240120,15:05:32,530.0,50,29300
20240120,15:06:23,517.4,50,29450
20240120,15:08:32,517.4,50,29450
20240120,15:09:23,517.4,50,29500
20240120,15:09:25,517.5,50,29500
20240120,15:10:20,521.9,50,29500
20240120,15:10:33,522.0,50,29500
20240120,15:12:03,517.1,50,29500
20240120,15:12:08,516.3,50,29500
20240120,15:12:22,516.3,50,29500
20240120,15:12:40,518.45,50,29600
20240120,15:13:20,521.8,50,29600
20240120,15:13:42,530.0,50,29600
20240120,15:13:51,530.35,50,29600
20240120,15:14:12,533.75,100,29600
20240120,15:15:01,541.0,50,29600
20240120,15:15:11,550.0,100,29600
20240120,15:15:32,549.5,50,29600
20240120,15:16:35,533.75,1800,29600
20240120,15:22:52,542.95,50,29600
20240120,15:23:50,545.0,1200,29600
20240120,15:25:16,545.6,50,29400
20240120,15:25:25,543.55,400,29400
20240120,15:26:18,543.55,50,29400
20240120,15:26:45,540.0,50,29400
20240120,15:28:32,541.55,100,29450
20240123,09:15:45,650.0,100,29350
20240123,09:15:52,654.45,150,29350
20240123,09:16:07,665.0,50,29350
20240123,09:16:19,654.55,50,29350
20240123,09:16:32,660.55,100,29350
20240123,09:16:44,655.05,700,29350
20240123,09:16:49,657.55,200,29350
20240123,09:16:56,657.55,100,29350
20240123,09:17:56,661.05,50,28750
20240123,09:18:16,657.65,100,28750
20240123,09:18:20,663.3,500,28750
20240123,09:18:31,662.15,100,28750
20240123,09:19:13,654.95,100,28750
20240123,09:19:27,654.0,100,28750
20240123,09:19:35,654.0,150,28750
20240123,09:19:49,654.8,50,28750
20240123,09:20:59,661.55,50,29000
20240123,09:22:55,657.1,50,29000
20240123,09:24:43,640.9,50,29050
20240123,09:26:13,642.5,100,29050
20240123,09:27:08,646.6,50,28950
20240123,09:27:34,638.45,100,28950
20240123,09:31:18,639.0,50,28850
20240123,09:31:20,638.0,100,28850
20240123,09:38:05,640.95,100,29000
20240123,09:41:53,648.0,100,29000
20240123,09:42:19,652.0,50,29000
20240123,09:43:03,652.0,50,29000
20240123,09:46:02,663.2,100,28800
20240123,09:46:11,663.2,50,28800
20240123,09:47:24,661.3,50,28800
20240123,09:47:48,658.1,50,28900
20240123,09:57:53,633.5,100,28950
20240123,09:58:40,633.0,150,28950
20240123,10:01:09,600.4,50,28900
20240123,10:02:25,600.0,500,28900
20240123,10:03:37,600.0,100,28900
20240123,10:03:59,603.3,1800,29300
20240123,10:04:15,612.45,3600,29300
20240123,10:04:43,600.6,150,29300
20240123,10:05:58,603.45,3650,34800
20240123,10:06:09,598.85,1950,34800
20240123,10:06:26,591.0,2300,34800
20240123,10:06:52,588.55,50,34800
20240123,10:07:02,585.75,50,34800
20240123,10:07:07,585.6,200,34800
20240123,10:09:06,600.0,50,30050
20240123,10:09:49,595.4,1800,30050
20240123,10:09:54,594.25,50,30050
20240123,10:12:30,602.0,50,30000
20240123,10:13:48,603.55,150,30000
20240123,10:14:59,602.7,200,30200
20240123,10:18:01,612.45,150,30000
20240123,10:20:27,595.0,50,30000
20240123,10:21:04,591.0,50,30200
20240123,10:21:48,583.35,50,30200
20240123,10:23:03,578.4,350,30200
20240123,10:23:53,570.5,450,30600
20240123,10:25:05,550.0,100,30600
20240123,10:25:37,549.9,50,30600
20240123,10:25:44,549.5,150,30600
20240123,10:26:07,556.2,150,30600
20240123,10:26:25,554.4,150,30600
20240123,10:26:29,555.1,150,30600
20240123,10:27:11,550.0,250,31000
20240123,10:27:37,549.5,150,31000
20240123,10:27:48,546.7,200,31000
20240123,10:27:50,547.4,150,31000
20240123,10:27:56,544.6,50,31000
20240123,10:28:02,541.8,150,31000
20240123,10:28:06,543.0,50,31000
20240123,10:28:07,541.05,150,31000
20240123,10:28:09,542.9,50,31000
20240123,10:28:12,539.7,100,31000
20240123,10:30:12,540.95,250,31300
20240123,10:31:18,543.45,100,31300
20240123,10:32:26,540.3,50,31300
20240123,10:33:54,553.95,50,31400
20240123,10:34:37,544.9,100,31400
20240123,10:35:25,547.5,50,31400
20240123,10:36:35,546.65,100,31450
20240123,10:37:16,545.5,100,31450
20240123,10:37:29,547.65,150,31450
20240123,10:37:59,540.0,100,31450
20240123,10:38:41,528.65,50,31450
20240123,10:39:01,525.0,1150,31650
20240123,10:40:04,520.3,800,31650
20240123,10:40:30,512.4,250,31650
20240123,10:40:53,504.05,500,31650
20240123,10:41:23,509.0,250,31650
20240123,10:41:44,504.65,100,31650
20240123,10:41:57,503.5,50,32850
20240123,10:42:17,503.5,50,32850
20240123,10:43:35,499.15,500,32850
20240123,10:43:47,490.75,600,32850
20240123,10:44:25,494.5,500,32850
20240123,10:44:46,494.0,50,33100
20240123,10:44:52,492.6,200,33100
20240123,10:45:02,490.0,250,33100
20240123,10:45:03,485.0,1200,33100
20240123,10:45:10,493.5,50,33100
20240123,10:45:15,496.85,500,33100
20240123,10:45:17,497.65,200,33100
20240123,10:46:46,495.6,300,33100
20240123,10:47:45,486.5,450,34700
20240123,10:47:54,480.35,50,34700
20240123,10:47:55,482.25,50,34700
20240123,10:48:00,483.85,50,34700
20240123,10:48:00,483.9,500,34700
20240123,10:48:42,479.75,50,34700
20240123,10:48:55,477.5,50,34700
20240123,10:49:30,486.3,50,34700
20240123,10:49:45,480.05,50,34700
20240123,10:50:03,480.55,350,34700
20240123,10:50:06,480.4,50,34700
20240123,10:50:43,478.45,50,34700
20240123,10:50:58,484.55,200,34850
20240123,10:51:05,490.75,50,34850
20240123,10:51:10,484.95,150,34850
20240123,10:51:16,485.3,50,34850
20240123,10:51:54,479.05,200,34850
20240123,10:52:31,482.95,150,34850
20240123,10:53:19,500.2,50,34850
20240123,10:53:21,498.5,200,34850
20240123,10:53:56,496.6,250,35250
20240123,10:54:03,491.8,50,35250
20240123,10:54:53,499.55,50,35250
20240123,10:56:54,493.7,50,35350
20240123,10:57:30,498.8,50,35350
20240123,10:59:54,505.0,100,35350
20240123,11:01:52,485.6,50,35350
20240123,11:04:39,493.55,200,35250
20240123,11:06:29,506.6,100,35300
20240123,11:07:16,501.2,250,35300
20240123,11:07:40,495.35,50,35300
20240123,11:09:32,499.55,700,35250
20240123,11:10:48,497.35,300,35250
20240123,11:12:31,498.0,1800,35250
20240123,11:12:36,504.0,50,35250
20240123,11:13:17,507.95,100,35250
20240123,11:17:37,500.0,100,35900
20240123,11:19:00,493.0,500,35900
20240123,11:20:37,490.15,350,35900
20240123,11:20:57,486.0,200,35850
20240123,11:21:14,481.05,150,35850
20240123,11:21:21,483.0,50,35850
20240123,11:22:47,480.0,50,35850
20240123,11:31:45,481.3,300,35850
20240123,11:31:56,471.65,150,35850
20240123,11:32:07,475.0,100,35850
20240123,11:32:14,471.65,50,35850
20240123,11:32:21,469.3,100,35850
20240123,11:32:25,464.75,500,35850
20240123,11:32:53,464.75,100,36150
20240123,11:34:15,476.45,50,36150
20240123,11:34:38,472.55,150,36150
20240123,11:34:56,476.2,50,36150
20240123,11:35:28,478.0,350,36150
20240123,11:35:46,476.0,50,36150
20240123,11:37:15,468.65,300,36300
20240123,11:37:32,465.35,300,36300
20240123,11:38:34,464.9,50,36300
20240123,11:41:07,454.05,50,36250
20240123,11:41:18,451.2,850,36250
20240123,11:42:15,443.6,50,36550
20240123,11:44:03,441.0,100,36550
20240123,11:45:11,441.65,100,36500
20240123,11:45:29,440.1,250,36500
20240123,11:46:30,435.7,200,36500
20240123,11:46:37,436.2,100,36500
20240123,11:47:22,441.5,200,36500
20240123,11:48:01,440.0,50,36800
20240123,11:48:44,437.15,500,36800
20240123,11:49:33,442.65,150,36800
20240123,11:50:22,444.05,800,36800
20240123,11:50:35,447.2,50,36800
20240123,11:51:23,440.0,100,37050
20240123,11:51:49,436.15,500,37050
20240123,11:53:30,434.05,50,37050
20240123,11:54:00,424.4,300,37100
20240123,11:54:09,427.55,100,37100
20240123,11:55:21,425.25,100,37100
20240123,11:55:30,424.4,100,37100
20240123,11:55:40,426.35,100,37100
20240123,11:56:15,433.85,100,37100
20240123,11:57:23,426.55,50,37400
20240123,11:57:43,422.4,150,37400
20240123,11:58:23,421.95,50,37400
20240123,11:59:34,424.6,50,37400
20240123,11:59:56,422.4,100,37650
20240123,12:00:11,422.9,100,37650
20240123,12:01:30,413.35,23200,37650
20240123,12:01:30,414.2,1000,37650
20240123,12:01:38,413.15,500,37650
20240123,12:01:40,410.0,100,37650
20240123,12:01:42,410.35,150,37650
20240123,12:01:57,409.15,100,37650
20240123,12:02:00,409.45,100,37650
20240123,12:02:17,408.5,100,37650
20240123,12:02:31,409.45,100,37650
20240123,12:02:33,407.05,150,37650
20240123,12:02:34,406.95,50,37650
20240123,12:02:39,408.65,200,37650
20240123,12:02:57,404.15,100,58500
20240123,12:03:00,406.7,100,58500
20240123,12:03:09,403.25,100,58500
20240123,12:03:12,403.35,250,58500
20240123,12:03:15,403.8,100,58500
20240123,12:03:16,402.5,200,58500
20240123,12:03:19,403.35,550,58500
20240123,12:03:20,403.35,1250,58500
20240123,12:03:30,396.45,150,58500
20240123,12:03:36,395.2,700,58500
20240123,12:03:38,395.0,300,58500
20240123,12:03:39,395.7,100,58500
20240123,12:03:44,394.25,200,58500
20240123,12:03:45,396.0,200,58500
20240123,12:03:48,396.6,100,58500
20240123,12:04:06,394.2,500,58500
20240123,12:04:09,396.15,200,58500
20240123,12:04:15,391.85,300,58500
20240123,12:04:33,389.75,50,58500
20240123,12:04:43,391.6,250,58500
20240123,12:04:44,393.05,100,58500
20240123,12:04:47,392.5,50,58500
20240123,12:04:50,391.8,150,58500
20240123,12:04:55,392.5,2400,58500
20240123,12:05:06,397.95,50,58500
20240123,12:05:16,391.25,100,58500
20240123,12:05:20,389.25,300,58500
20240123,12:05:24,389.55,100,58500
20240123,12:05:27,390.8,100,58500
20240123,12:05:29,391.95,100,58500
20240123,12:05:31,390.85,950,58500
20240123,12:05:34,389.45,200,58500
20240123,12:05:39,391.3,50,58500
20240123,12:05:41,389.25,150,58500
20240123,12:05:42,390.2,50,58500
20240123,12:05:52,390.6,50,58500
20240123,12:05:58,388.0,400,60900
20240123,12:06:03,388.1,100,60900
20240123,12:06:09,388.7,100,60900
20240123,12:06:15,388.9,200,60900
20240123,12:06:19,390.3,100,60900
20240123,12:06:20,391.65,300,60900
20240123,12:06:22,391.2,400,60900
20240123,12:06:24,390.15,50,60900
20240123,12:06:28,388.9,350,60900
20240123,12:06:32,387.95,100,60900
20240123,12:06:43,387.4,50,60900
20240123,12:06:53,378.8,200,60900
20240123,12:07:00,379.3,350,60900
20240123,12:07:02,378.65,200,60900
20240123,12:07:09,373.65,100,60900
20240123,12:07:13,377.95,50,60900
20240123,12:07:19,375.95,150,60900
20240123,12:07:21,376.65,150,60900
20240123,12:07:24,374.6,50,60900
20240123,12:07:27,378.0,100,60900
20240123,12:07:35,376.0,50,60900
20240123,12:07:37,373.35,100,60900
20240123,12:07:40,372.85,50,60900
20240123,12:07:43,372.25,150,60900
20240123,12:07:46,372.0,850,60900
20240123,12:07:50,372.55,200,60900
20240123,12:07:50,373.1,250,60900
20240123,12:07:52,375.2,50,60900
20240123,12:07:56,375.55,50,60900
20240123,12:08:13,379.95,200,60900
20240123,12:08:13,379.2,200,60900
20240123,12:08:19,383.4,300,60900
20240123,12:08:21,383.4,250,60900
20240123,12:08:23,380.05,350,60900
20240123,12:08:25,379.75,100,60900
20240123,12:08:39,381.85,50,60900
20240123,12:08:43,383.0,250,60900
20240123,12:08:46,383.75,200,60900
20240123,12:08:47,387.15,50,60900
20240123,12:08:49,386.55,100,60900
20240123,12:08:50,388.75,50,60900
20240123,12:08:55,386.6,200,60900
20240123,12:08:57,385.75,150,60900
20240123,12:08:58,386.8,300,63650
20240123,12:09:05,386.4,550,63650
20240123,12:09:07,384.65,750,63650
20240123,12:09:27,380.65,150,63650
20240123,12:09:28,378.7,50,63650
20240123,12:09:31,381.0,150,63650
20240123,12:09:32,381.0,150,63650
20240123,12:09:35,379.2,400,63650
20240123,12:09:41,379.2,50,63650
20240123,12:09:49,378.6,150,63650
20240123,12:09:51,382.0,150,63650
20240123,12:09:51,380.9,250,63650
20240123,12:10:00,378.6,150,63650
20240123,12:10:02,380.0,250,63650
20240123,12:10:10,384.15,100,63650
20240123,12:10:23,384.05,50,63650
20240123,12:10:40,380.0,100,63650
20240123,12:10:44,378.55,50,63650
20240123,12:10:47,380.4,250,63650
20240123,12:11:07,380.95,150,63650
20240123,12:11:09,382.35,200,63650
20240123,12:11:11,383.3,550,63650
20240123,12:11:12,384.65,100,63650
20240123,12:11:14,384.75,150,63650
20240123,12:11:16,383.05,450,63650
20240123,12:11:17,382.15,50,63650
20240123,12:11:19,381.6,100,63650
20240123,12:11:20,382.15,50,63650
20240123,12:11:23,381.45,100,63650
20240123,12:11:26,381.6,50,63650
20240123,12:11:34,382.75,150,63650
20240123,12:11:36,383.8,100,63650
20240123,12:11:39,381.55,150,63650
20240123,12:11:41,383.2,100,63650
20240123,12:11:42,382.45,100,63650
20240123,12:11:43,384.75,200,63650
20240123,12:11:54,386.95,50,63650
20240123,12:12:23,388.0,300,65450
20240123,12:12:29,389.05,400,65450
20240123,12:12:31,388.8,400,65450
20240123,12:12:55,387.45,50,65450
20240123,12:12:56,387.9,50,65450
20240123,12:13:10,388.05,100,65450
20240123,12:13:29,388.0,350,65450
20240123,12:13:34,388.0,50,65450
20240123,12:13:53,388.0,100,65450
20240123,12:14:38,389.0,50,65450
20240123,12:14:55,387.0,100,65450
20240123,12:14:56,388.25,50,65450
20240123,12:14:59,385.55,50,66000
20240123,12:15:05,388.25,50,66000
20240123,12:15:12,385.0,50,66000
20240123,12:15:42,399.1,700,66000
20240123,12:15:45,400.75,50,66000
20240123,12:15:46,397.6,550,66000
20240123,12:15:55,401.9,50,66000
20240123,12:16:04,406.8,50,66000
20240123,12:16:05,403.5,800,66000
20240123,12:16:11,403.8,50,66000
20240123,12:16:22,407.95,400,66000
20240123,12:16:26,413.5,100,66000
20240123,12:16:40,405.95,50,66000
20240123,12:16:43,407.1,50,66000
20240123,12:16:47,405.25,50,66000
20240123,12:17:04,403.85,200,66000
20240123,12:17:05,402.05,250,66000
20240123,12:17:35,406.25,350,66000
20240123,12:18:40,397.3,1150,66000
20240123,12:18:42,395.4,350,66800
20240123,12:18:54,395.6,100,66800
20240123,12:18:57,396.9,50,66800
20240123,12:19:02,396.8,50,66800
20240123,12:19:02,395.0,100,66800
20240123,12:19:11,393.1,50,66800
20240123,12:19:22,392.75,50,66800
20240123,12:19:28,391.2,1350,66800
20240123,12:19:34,392.55,150,66800
20240123,12:19:48,389.0,150,66800
20240123,12:19:54,388.85,50,66800
20240123,12:19:58,386.0,50,66800
20240123,12:20:00,385.0,50,66800
20240123,12:20:03,386.35,150,66800
20240123,12:20:05,385.85,50,66800
20240123,12:20:11,390.25,150,66800
20240123,12:20:22,390.6,200,66800
20240123,12:20:24,390.0,50,66800
20240123,12:20:55,385.4,250,66800
20240123,12:21:16,385.35,100,67500
20240123,12:22:12,388.5,50,67500
20240123,12:22:35,388.9,100,67500
20240123,12:23:00,390.0,1200,67500
20240123,12:23:03,389.7,50,67500
20240123,12:23:12,391.0,1200,67500
20240123,12:23:13,393.65,50,67500
20240123,12:23:18,393.6,1250,67500
20240123,12:23:18,393.6,200,67500
20240123,12:23:28,393.0,400,67500
20240123,12:23:33,390.6,50,67500
20240123,12:23:39,390.45,500,67500
20240123,12:23:52,386.85,50,67500
20240123,12:24:00,387.9,50,68800
20240123,12:24:29,388.1,150,68800
20240123,12:24:33,386.0,50,68800
20240123,12:24:38,384.6,450,68800
20240123,12:25:07,384.0,50,68800
20240123,12:25:14,383.75,200,68800
20240123,12:25:50,384.55,100,68800
20240123,12:27:26,384.55,400,69050
20240123,12:27:40,386.35,50,69050
20240123,12:27:42,385.45,100,69050
20240123,12:27:43,387.15,50,69050
20240123,12:27:55,390.0,50,69050
20240123,12:28:15,388.0,200,69050
20240123,12:28:21,388.25,50,69050
20240123,12:28:43,387.5,100,69050
20240123,12:28:57,391.2,50,69050
20240123,12:29:18,391.0,50,69050
20240123,12:29:26,389.9,200,69050
20240123,12:29:49,393.0,100,69050
20240123,12:29:57,391.9,200,69050
20240123,12:30:04,391.9,50,69700
20240123,12:30:08,391.9,50,69700
20240123,12:30:41,394.3,50,69700
20240123,12:30:52,395.0,200,69700
20240123,12:30:58,396.7,50,69700
20240123,12:31:45,398.95,50,69700
20240123,12:32:10,398.2,50,69700
20240123,12:32:20,399.0,250,69700
20240123,12:32:33,396.6,150,69700
20240123,12:32:56,394.75,250,69700
20240123,12:33:21,390.65,50,69700
20240123,12:33:43,400.0,50,69850
20240123,12:33:47,400.8,100,69850
20240123,12:33:49,402.25,50,69850
20240123,12:33:57,405.0,350,69850
20240123,12:34:10,405.9,200,69850
20240123,12:34:13,405.0,50,69850
20240123,12:34:28,402.0,600,69850
20240123,12:34:37,400.2,50,69850
20240123,12:34:45,402.65,50,69850
20240123,12:34:46,405.1,700,69850
20240123,12:35:00,404.35,350,69850
20240123,12:35:29,401.65,50,69850
20240123,12:35:38,403.2,200,69850
20240123,12:36:21,403.8,100,69750
20240123,12:36:28,407.9,500,69750
20240123,12:36:36,409.1,50,69750
20240123,12:36:52,406.8,250,69750
20240123,12:37:01,403.2,50,69750
20240123,12:37:14,400.0,50,69750
20240123,12:37:17,398.25,50,69750
20240123,12:37:37,402.25,450,69750
20240123,12:37:41,402.5,100,69750
20240123,12:38:03,400.45,50,69750
20240123,12:38:24,399.95,50,69750
20240123,12:38:59,400.4,100,69750
20240123,12:39:19,396.6,1000,69900
20240123,12:39:23,396.6,50,69900
20240123,12:39:36,395.25,50,69900
20240123,12:39:37,392.0,50,69900
20240123,12:39:41,393.0,50,69900
20240123,12:39:43,393.8,50,69900
20240123,12:40:12,395.25,150,69900
20240123,12:40:26,396.6,300,69900
20240123,12:40:30,393.6,150,69900
20240123,12:40:49,393.0,50,69900
20240123,12:40:51,391.85,950,69900
20240123,12:41:00,394.35,50,69900
20240123,12:41:08,392.45,50,69900
20240123,12:41:16,392.2,100,69900
20240123,12:41:35,395.3,500,69900
20240123,12:41:42,395.35,50,69900
20240123,12:42:12,394.75,100,70500
20240123,12:43:17,396.15,50,70500
20240123,12:43:56,396.0,2500,70500
20240123,12:44:06,395.6,50,70500
20240123,12:44:33,395.2,200,70500
20240123,12:44:41,398.1,100,70500
20240123,12:44:45,396.1,350,70500
20240123,12:45:02,395.0,50,70500
20240123,12:45:32,393.6,50,73250
20240123,12:45:35,394.85,150,73250
20240123,12:45:44,391.25,50,73250
20240123,12:45:46,390.0,150,73250
20240123,12:45:47,389.4,50,73250
20240123,12:45:57,392.5,50,73250
20240123,12:46:19,388.4,100,73250
20240123,12:46:32,380.0,350,73250
20240123,12:46:51,378.0,150,73250
20240123,12:46:52,377.3,100,73250
20240123,12:46:55,377.6,1250,73250
20240123,12:46:57,378.2,50,73250
20240123,12:47:03,379.4,350,73250
20240123,12:47:03,379.95,100,73250
20240123,12:47:09,380.35,50,73250
20240123,12:47:11,379.95,150,73250
20240123,12:47:28,380.0,150,73250
20240123,12:47:33,377.35,200,73250
20240123,12:47:59,378.8,50,73250
20240123,12:48:17,381.8,150,73200
20240123,12:48:48,394.65,400,73200
20240123,12:48:52,391.8,100,73200
20240123,12:48:53,390.0,50,73200
20240123,12:49:04,393.0,250,73200
20240123,12:49:17,396.0,300,73200
20240123,12:49:20,393.9,50,73200
20240123,12:49:24,396.8,150,73200
20240123,12:49:26,394.25,50,73200
20240123,12:49:29,392.9,50,73200
20240123,12:49:32,392.45,50,73200
20240123,12:49:33,390.95,600,73200
20240123,12:49:38,396.25,200,73200
20240123,12:50:39,396.0,150,73200
20240123,12:50:51,396.0,600,73200
20240123,12:51:42,396.0,200,72700
20240123,12:53:27,387.1,350,72700
20240123,12:53:44,386.35,50,72700
20240123,12:53:58,391.0,50,72700
20240123,12:54:45,396.0,50,72250
20240123,12:54:59,395.4,300,72250
20240123,12:55:15,391.0,50,72250
20240123,12:55:27,390.0,1150,72250
20240123,12:55:50,386.0,100,72250
20240123,12:55:51,386.0,150,72250
20240123,12:56:08,387.1,400,72250
20240123,12:56:58,386.25,150,72250
20240123,12:57:10,384.0,300,72400
20240123,12:57:16,382.55,50,72400
20240123,12:57:25,382.8,500,72400
20240123,12:57:38,386.6,300,72400
20240123,12:58:08,379.25,200,72400
20240123,12:58:15,376.0,400,72400
20240123,12:58:22,375.0,100,72400
20240123,12:58:27,376.35,50,72400
20240123,12:58:36,375.7,100,72400
20240123,12:58:39,375.7,50,72400
20240123,12:58:55,371.85,500,72400
20240123,12:59:17,372.0,250,72400
20240123,12:59:22,371.0,600,72400
20240123,12:59:23,370.0,50,72400
20240123,12:59:31,369.6,50,72400
20240123,12:59:33,370.05,100,72400
20240123,12:59:59,372.05,100,72400
20240123,13:01:07,376.75,50,73200
20240123,13:01:17,378.0,100,73200
20240123,13:01:20,379.4,150,73200
20240123,13:01:33,381.5,50,73200
20240123,13:01:36,379.4,100,73200
20240123,13:01:40,383.15,850,73200
20240123,13:01:52,380.9,50,73200
20240123,13:02:12,374.3,50,73200
20240123,13:02:17,373.8,50,73200
20240123,13:02:25,375.6,100,73200
20240123,13:02:36,377.5,100,73200
20240123,13:02:37,376.65,100,73200
20240123,13:02:51,378.6,750,73200
20240123,13:03:04,378.4,50,74850
20240123,13:03:13,382.0,200,74850
20240123,13:04:55,372.0,300,74850
20240123,13:05:05,374.2,150,74850
20240123,13:05:12,377.05,200,74850
20240123,13:05:30,379.55,50,74850
20240123,13:06:16,376.3,50,74950
20240123,13:06:33,374.95,150,74950
20240123,13:06:40,373.45,50,74950
20240123,13:06:53,372.0,1100,74950
20240123,13:08:29,368.25,400,74950
20240123,13:08:32,370.0,950,74950
20240123,13:08:49,366.85,50,74950
20240123,13:08:53,365.0,150,74950
20240123,13:09:05,364.5,100,75950
20240123,13:09:08,364.85,100,75950
20240123,13:09:10,365.35,150,75950
20240123,13:09:15,363.0,200,75950
20240123,13:09:15,363.0,50,75950
20240123,13:09:23,358.0,50,75950
20240123,13:09:28,359.0,450,75950
20240123,13:09:29,359.25,50,75950
20240123,13:09:35,358.5,250,75950
20240123,13:09:35,358.0,300,75950
20240123,13:09:41,357.0,700,75950
20240123,13:09:53,357.0,200,75950
20240123,13:09:55,357.0,150,75950
20240123,13:10:08,358.25,50,75950
20240123,13:10:10,355.45,250,75950
20240123,13:10:12,354.5,50,75950
20240123,13:10:27,354.15,50,75950
20240123,13:10:38,351.45,50,75950
20240123,13:10:44,350.0,200,75950
20240123,13:10:51,348.7,100,75950
20240123,13:10:52,348.75,50,75950
20240123,13:10:54,348.3,100,75950
20240123,13:11:00,346.65,200,75950
20240123,13:11:02,347.7,1400,75950
20240123,13:11:04,348.6,100,75950
20240123,13:11:10,349.7,350,75950
20240123,13:11:16,350.3,650,75950
20240123,13:11:22,352.25,100,75950
20240123,13:11:32,353.15,250,75950
20240123,13:11:42,354.3,50,75950
20240123,13:11:47,354.3,350,75950
20240123,13:11:49,352.45,1500,75950
20240123,13:11:50,352.0,650,75950
20240123,13:11:52,352.0,50,75950
20240123,13:11:59,351.3,100,75950
20240123,13:12:00,350.0,100,75950
20240123,13:12:05,353.15,50,75950
20240123,13:12:19,357.3,100,80250
20240123,13:12:21,358.0,50,80250
20240123,13:12:25,357.05,1400,80250
20240123,13:12:27,357.05,50,80250
20240123,13:12:29,356.1,400,80250
20240123,13:12:41,360.0,50,80250
20240123,13:12:50,361.2,50,80250
20240123,13:12:56,361.3,100,80250
20240123,13:13:05,362.6,50,80250
20240123,13:13:30,360.0,50,80250
20240123,13:13:32,358.05,200,80250
20240123,13:13:34,357.8,200,80250
20240123,13:13:34,358.95,100,80250
20240123,13:14:05,362.35,100,80250
20240123,13:14:16,360.4,200,80250
20240123,13:14:24,360.0,50,80250
20240123,13:14:28,361.6,50,80250
20240123,13:14:42,359.55,200,80250
20240123,13:15:44,359.95,100,82800
20240123,13:15:52,360.75,250,82800
20240123,13:15:57,359.2,200,82800
20240123,13:15:59,360.9,50,82800
20240123,13:16:16,363.0,200,82800
20240123,13:16:19,362.35,250,82800
20240123,13:16:19,362.6,500,82800
20240123,13:16:39,362.9,50,82800
20240123,13:16:41,362.1,700,82800
20240123,13:17:07,361.1,100,82800
20240123,13:17:11,360.2,900,82800
20240123,13:17:21,360.0,50,82800
20240123,13:17:26,360.1,100,82800
20240123,13:17:51,363.0,300,82800
20240123,13:18:11,367.0,250,84250
20240123,13:18:38,365.25,450,84250
20240123,13:19:49,368.65,50,84250
20240123,13:19:54,368.2,100,84250
20240123,13:19:55,367.95,100,84250
20240123,13:20:10,366.75,300,84250
20240123,13:20:12,364.8,50,84250
20240123,13:20:37,363.65,100,84250
20240123,13:20:39,362.25,50,84250
20240123,13:20:44,362.3,300,84250
20240123,13:21:13,360.1,300,84800
20240123,13:21:40,358.5,850,84800
20240123,13:21:44,357.8,50,84800
20240123,13:21:53,355.65,100,84800
20240123,13:22:05,356.0,50,84800
20240123,13:22:19,360.65,50,84800
20240123,13:24:06,359.75,100,84800
20240123,13:25:02,359.0,250,85500
20240123,13:25:06,357.3,600,85500
20240123,13:25:10,355.85,350,85500
20240123,13:25:11,355.45,200,85500
20240123,13:25:12,356.3,850,85500
20240123,13:25:18,355.3,800,85500
20240123,13:25:28,353.7,350,85500
20240123,13:25:34,354.65,50,85500
20240123,13:25:51,356.35,50,85500
20240123,13:26:30,353.6,350,85500
20240123,13:26:42,351.0,300,85500
20240123,13:26:45,347.7,650,85500
20240123,13:26:47,349.6,550,85500
20240123,13:26:58,349.55,300,85500
20240123,13:27:03,353.2,600,85500
20240123,13:27:08,354.8,50,86800
20240123,13:27:14,357.05,50,86800
20240123,13:27:21,356.35,50,86800
20240123,13:27:23,357.3,50,86800
20240123,13:27:34,356.95,500,86800
20240123,13:27:49,361.0,50,86800
20240123,13:28:26,360.6,50,86800
20240123,13:28:41,362.3,400,86800
20240123,13:28:44,364.7,50,86800
20240123,13:28:50,363.75,50,86800
20240123,13:28:58,363.0,800,86800
20240123,13:29:08,363.75,50,86800
20240123,13:29:19,365.05,50,86800
20240123,13:29:48,362.75,400,86800
20240123,13:29:50,361.35,500,86800
20240123,13:29:57,361.35,100,86800
20240123,13:30:25,361.0,250,87500
20240123,13:30:26,361.0,150,87500
20240123,13:30:29,361.0,100,87500
20240123,13:30:50,365.85,50,87500
20240123,13:30:53,364.95,100,87500
20240123,13:31:06,368.4,50,87500
20240123,13:31:31,363.5,500,87500
20240123,13:31:44,362.6,100,87500
20240123,13:31:46,363.5,200,87500
20240123,13:31:51,362.4,100,87500
20240123,13:33:51,358.0,250,87400
20240123,13:34:14,359.4,50,87400
20240123,13:34:19,360.1,50,87400
20240123,13:36:10,362.15,50,87250
20240123,13:36:14,363.45,50,87250
20240123,13:36:26,365.1,50,87250
20240123,13:36:28,365.6,50,87250
20240123,13:36:38,365.6,200,87250
20240123,13:36:51,365.0,350,87250
20240123,13:37:12,363.6,200,87250
20240123,13:38:01,360.85,50,87250
20240123,13:38:43,363.55,300,87250
20240123,13:39:14,363.15,100,87700
20240123,13:39:53,360.0,50,87700
20240123,13:39:59,359.1,150,87700
20240123,13:40:14,358.8,50,87700
20240123,13:40:30,359.1,300,87700
20240123,13:40:38,357.8,50,87700
20240123,13:40:56,356.35,200,87700
20240123,13:41:11,355.0,200,87700
20240123,13:42:09,359.1,50,87700
20240123,13:42:33,357.45,150,87700
20240123,13:42:59,355.2,100,87700
20240123,13:43:06,352.0,300,87700
20240123,13:43:15,351.05,50,87700
20240123,13:43:22,353.6,50,87700
20240123,13:43:53,356.5,400,87700
20240123,13:44:01,355.1,100,87700
20240123,13:44:04,354.6,200,87700
20240123,13:44:11,354.65,50,87700
20240123,13:44:28,354.65,50,87700
20240123,13:44:45,355.0,100,87700
20240123,13:44:54,358.5,50,87700
20240123,13:45:27,354.65,50,88200
20240123,13:45:36,357.4,100,88200
20240123,13:45:44,357.5,50,88200
20240123,13:45:51,356.45,100,88200
20240123,13:46:16,361.05,500,88200
20240123,13:46:19,361.9,50,88200
20240123,13:46:32,359.7,50,88200
20240123,13:46:40,360.25,50,88200
20240123,13:46:49,360.45,50,88200
20240123,13:47:04,361.3,100,88200
20240123,13:47:08,360.5,100,88200
20240123,13:47:15,363.0,100,88200
20240123,13:47:48,363.0,50,88200
20240123,13:48:19,365.45,250,88250
20240123,13:48:33,364.6,500,88250
20240123,13:48:53,363.1,50,88250
20240123,13:49:31,367.8,50,88250
20240123,13:49:34,365.65,200,88250
20240123,13:49:47,367.0,100,88250
20240123,13:50:02,366.55,100,88250
20240123,13:50:30,357.55,50,88250
20240123,13:50:43,356.45,150,88250
20240123,13:50:47,356.75,50,88250
20240123,13:50:50,354.95,50,88250
20240123,13:50:54,353.35,50,88250
20240123,13:50:55,352.05,100,88250
20240123,13:50:56,352.0,50,88250
20240123,13:50:58,350.0,550,88250
20240123,13:51:01,349.65,150,88250
20240123,13:51:03,346.9,550,88250
20240123,13:51:06,348.4,100,88250
20240123,13:51:09,343.85,950,88250
20240123,13:51:11,345.0,500,88250
20240123,13:51:17,338.65,2450,88700
20240123,13:51:19,338.1,50,88700
20240123,13:51:20,339.65,100,88700
20240123,13:51:25,335.0,50,88700
20240123,13:51:28,335.7,600,88700
20240123,13:51:31,337.7,200,88700
20240123,13:51:33,339.4,100,88700
20240123,13:51:34,338.15,800,88700
20240123,13:51:35,340.05,100,88700
20240123,13:51:38,341.4,200,88700
20240123,13:51:45,342.1,50,88700
20240123,13:51:49,340.7,100,88700
20240123,13:51:53,338.6,50,88700
20240123,13:52:01,336.9,100,88700
20240123,13:52:21,335.7,200,88700
20240123,13:52:28,334.6,50,88700
20240123,13:52:29,334.65,50,88700
20240123,13:52:52,341.95,50,88700
20240123,13:53:11,342.0,50,88700
20240123,13:53:16,340.5,200,88700
20240123,13:53:20,341.8,50,88700
20240123,13:53:26,341.4,50,88700
20240123,13:53:33,341.95,50,88700
20240123,13:53:49,343.6,250,88700
20240123,13:53:52,341.0,250,88700
20240123,13:54:15,340.2,50,89300
20240123,13:54:21,339.2,500,89300
20240123,13:54:25,337.85,300,89300
20240123,13:54:32,337.85,50,89300
20240123,13:55:09,337.85,100,89300
20240123,13:55:34,338.85,100,89300
20240123,13:56:10,336.2,50,89300
20240123,13:56:17,336.7,350,89300
20240123,13:56:35,332.85,50,89300
20240123,13:56:48,331.8,50,89300
20240123,13:56:50,331.55,400,89300
20240123,13:56:57,333.0,50,89300
20240123,13:56:59,332.7,200,89300
20240123,13:57:00,334.5,250,89300
20240123,13:57:05,333.1,350,89300
20240123,13:57:07,333.7,50,89300
20240123,13:57:29,337.1,250,89500
20240123,13:57:32,335.0,50,89500
20240123,13:57:46,333.0,50,89500
20240123,13:57:49,335.6,50,89500
20240123,13:58:02,330.6,50,89500
20240123,13:58:12,328.0,100,89500
20240123,13:58:21,328.3,50,89500
20240123,13:58:33,326.0,500,89500
20240123,13:58:43,327.85,200,89500
20240123,13:58:50,330.45,100,89500
20240123,13:59:04,327.35,100,89500
20240123,13:59:06,326.6,200,89500
20240123,13:59:08,329.45,350,89500
20240123,13:59:24,331.2,500,89500
20240123,13:59:36,334.35,500,89500
20240123,13:59:39,335.0,150,89500
20240123,13:59:43,333.6,100,89500
20240123,13:59:46,333.1,250,89500
20240123,13:59:49,332.7,800,89500
20240123,13:59:53,333.15,100,89500
20240123,13:59:54,333.5,100,89500
20240123,13:59:58,331.95,500,89500
20240123,14:00:32,332.85,100,91650
20240123,14:00:38,330.3,50,91650
20240123,14:00:49,329.05,100,91650
20240123,14:00:57,328.8,100,91650
20240123,14:01:05,330.0,600,91650
20240123,14:01:13,328.0,500,91650
20240123,14:01:30,327.4,1400,91650
20240123,14:02:14,331.6,100,91650
20240123,14:02:30,331.6,50,91650
20240123,14:02:51,337.0,100,91650
20240123,14:03:08,339.5,50,91650
20240123,14:03:10,340.95,100,91650
20240123,14:03:12,338.15,100,91650
20240123,14:03:19,337.15,200,91650
20240123,14:03:28,335.0,50,92200
20240123,14:03:34,335.4,50,92200
20240123,14:03:47,333.0,50,92200
20240123,14:03:50,334.1,1200,92200
20240123,14:03:56,332.9,50,92200
20240123,14:04:06,333.9,50,92200
20240123,14:04:36,338.75,50,92200
20240123,14:04:38,338.6,50,92200
20240123,14:04:42,339.2,100,92200
20240123,14:04:51,340.6,50,92200
20240123,14:04:53,341.05,100,92200
20240123,14:04:55,339.9,150,92200
20240123,14:05:05,336.2,100,92200
20240123,14:05:17,340.1,400,92200
20240123,14:05:24,340.6,50,92200
20240123,14:05:45,344.85,150,92200
20240123,14:05:46,344.0,50,92200
20240123,14:05:51,344.1,100,92200
20240123,14:05:54,344.3,50,92200
20240123,14:06:23,345.3,50,93100
20240123,14:06:26,345.5,50,93100
20240123,14:06:27,345.0,50,93100
20240123,14:06:37,343.8,50,93100
20240123,14:06:53,341.0,50,93100
20240123,14:06:59,339.25,50,93100
20240123,14:07:01,341.0,200,93100
20240123,14:07:57,330.0,50,93100
20240123,14:08:00,331.7,50,93100
20240123,14:08:07,330.05,400,93100
20240123,14:08:17,333.45,200,93100
20240123,14:08:17,333.0,100,93100
20240123,14:08:19,333.45,50,93100
20240123,14:08:27,331.8,50,93100
20240123,14:08:45,333.55,150,93100
20240123,14:08:52,335.1,100,93100
20240123,14:09:16,335.6,400,93000
20240123,14:09:49,335.0,500,93000
20240123,14:09:55,335.05,50,93000
20240123,14:09:56,332.85,50,93000
20240123,14:10:13,333.25,50,93000
20240123,14:10:16,331.0,50,93000
20240123,14:10:29,331.85,50,93000
20240123,14:10:34,330.0,50,93000
20240123,14:11:15,335.0,50,93000
20240123,14:11:53,336.65,100,93000
20240123,14:12:08,336.65,100,93000
20240123,14:12:13,335.0,50,93000
20240123,14:12:28,332.55,50,93700
20240123,14:12:30,330.0,150,93700
20240123,14:12:39,330.0,150,93700
20240123,14:12:48,332.85,300,93700
20240123,14:12:51,333.6,350,93700
20240123,14:12:58,331.35,1150,93700
20240123,14:13:09,335.6,100,93700
20240123,14:13:20,336.85,100,93700
20240123,14:13:30,334.3,100,93700
20240123,14:13:34,335.4,100,93700
20240123,14:13:59,335.0,50,93700
20240123,14:14:10,332.9,50,93700
20240123,14:14:21,332.0,50,93700
20240123,14:14:22,331.0,300,93700
20240123,14:15:03,330.0,550,93700
20240123,14:15:07,331.2,50,93700
20240123,14:15:10,330.5,200,93700
20240123,14:15:14,330.5,100,93700
20240123,14:15:19,329.8,300,94100
20240123,14:15:26,330.3,300,94100
20240123,14:15:46,325.9,500,94100
20240123,14:16:06,320.25,50,94100
20240123,14:16:19,320.25,300,94100
20240123,14:16:27,325.25,100,94100
20240123,14:16:29,323.85,50,94100
20240123,14:16:39,324.6,300,94100
20240123,14:16:42,326.1,50,94100
20240123,14:16:43,326.25,50,94100
20240123,14:17:34,329.2,50,94100
20240123,14:18:06,329.6,700,94100
20240123,14:18:08,328.7,100,94100
20240123,14:18:21,328.45,50,95400
20240123,14:18:42,328.45,100,95400
20240123,14:18:42,327.0,50,95400
20240123,14:18:58,326.7,200,95400
20240123,14:19:18,325.4,500,95400
20240123,14:19:18,323.85,500,95400
20240123,14:19:28,322.75,50,95400
20240123,14:19:34,325.4,100,95400
20240123,14:19:43,324.7,50,95400
20240123,14:19:56,324.75,150,95400
20240123,14:20:10,321.7,550,95400
20240123,14:20:19,322.4,500,95400
20240123,14:20:21,321.75,50,95400
20240123,14:20:35,320.0,100,95400
20240123,14:20:45,320.1,400,95400
20240123,14:20:50,320.25,150,95400
20240123,14:20:54,320.1,450,95400
20240123,14:21:03,318.0,100,95400
20240123,14:21:05,316.0,50,95400
20240123,14:21:12,317.0,200,95400
20240123,14:21:15,316.9,650,95400
20240123,14:21:18,319.05,50,97950
20240123,14:21:23,317.05,1250,97950
20240123,14:21:32,317.5,150,97950
20240123,14:21:37,317.45,50,97950
20240123,14:21:46,314.35,150,97950
20240123,14:21:51,312.7,50,97950
20240123,14:21:53,312.0,100,97950
20240123,14:21:58,311.95,50,97950
20240123,14:22:00,312.4,100,97950
20240123,14:22:02,310.75,50,97950
20240123,14:22:02,310.2,50,97950
20240123,14:22:09,313.4,50,97950
20240123,14:22:14,312.05,700,97950
20240123,14:22:16,312.3,600,97950
20240123,14:22:18,314.1,500,97950
20240123,14:22:19,314.0,200,97950
20240123,14:22:22,312.85,200,97950
20240123,14:22:24,312.9,50,97950
20240123,14:22:35,310.0,800,97950
20240123,14:22:44,307.9,700,97950
20240123,14:22:47,306.7,500,97950
20240123,14:22:48,307.8,50,97950
20240123,14:22:53,306.2,50,97950
20240123,14:22:55,306.2,500,97950
20240123,14:23:05,305.45,300,97950
20240123,14:23:05,306.2,100,97950
20240123,14:23:08,307.6,50,97950
20240123,14:23:09,308.85,100,97950
20240123,14:23:12,310.0,200,97950
20240123,14:23:15,312.45,400,97950
20240123,14:23:18,315.0,100,97950
20240123,14:23:21,311.5,200,97950
20240123,14:23:23,310.3,50,97950
20240123,14:23:41,310.3,50,97950
20240123,14:23:47,312.15,200,97950
20240123,14:23:59,311.1,200,97950
20240123,14:24:03,308.35,50,97950
20240123,14:24:08,308.55,200,97950
20240123,14:24:16,304.95,1200,102550
20240123,14:24:19,303.0,50,102550
20240123,14:24:23,304.7,350,102550
20240123,14:24:26,303.4,400,102550
20240123,14:24:27,303.7,400,102550
20240123,14:24:30,302.0,50,102550
20240123,14:24:40,302.35,700,102550
20240123,14:24:41,302.0,50,102550
20240123,14:24:44,304.0,150,102550
20240123,14:24:45,304.85,100,102550
20240123,14:24:50,302.95,250,102550
20240123,14:24:52,303.2,50,102550
20240123,14:24:53,302.55,100,102550
20240123,14:24:59,303.75,50,102550
20240123,14:25:00,303.85,50,102550
20240123,14:25:06,302.1,50,102550
20240123,14:25:08,300.0,400,102550
20240123,14:25:12,300.3,200,102550
20240123,14:25:15,298.0,150,102550
20240123,14:25:17,299.15,50,102550
20240123,14:25:25,299.2,100,102550
20240123,14:25:26,296.7,100,102550
20240123,14:25:27,296.4,200,102550
20240123,14:25:30,296.55,50,102550
20240123,14:25:31,295.3,50,102550
20240123,14:25:32,297.45,400,102550
20240123,14:25:40,295.05,50,102550
20240123,14:25:42,294.45,200,102550
20240123,14:25:43,296.45,600,102550
20240123,14:25:51,295.6,150,102550
20240123,14:25:54,298.05,700,102550
20240123,14:25:54,297.85,350,102550
20240123,14:25:57,296.8,1100,102550
20240123,14:25:59,297.55,800,102550
20240123,14:26:02,296.8,1200,102550
20240123,14:26:04,295.75,200,102550
20240123,14:26:05,296.55,100,102550
20240123,14:26:07,297.7,50,102550
20240123,14:26:12,295.5,200,102550
20240123,14:26:16,296.0,1250,102550
20240123,14:26:17,295.5,450,102550
20240123,14:26:18,295.65,50,102550
20240123,14:26:23,296.4,100,102550
20240123,14:26:25,295.0,150,102550
20240123,14:26:28,294.85,400,102550
20240123,14:26:30,294.9,250,102550
20240123,14:26:34,292.9,400,102550
20240123,14:26:35,293.0,750,102550
20240123,14:26:37,292.3,150,102550
20240123,14:26:40,291.05,50,102550
20240123,14:26:43,290.0,200,102550
20240123,14:26:46,288.95,400,102550
20240123,14:26:49,287.7,900,102550
20240123,14:26:52,285.65,400,102550
20240123,14:26:53,284.75,100,102550
20240123,14:26:56,284.05,400,102550
20240123,14:26:58,282.1,700,102550
20240123,14:26:59,282.2,200,102550
20240123,14:27:01,282.35,1050,102550
20240123,14:27:04,284.1,400,102550
20240123,14:27:05,284.5,550,102550
20240123,14:27:07,285.7,1300,102550
20240123,14:27:08,283.35,350,102550
20240123,14:27:10,281.85,1050,102550
20240123,14:27:12,280.6,300,102550
20240123,14:27:12,281.5,100,102550
20240123,14:27:15,283.1,250,102550
20240123,14:27:17,283.75,300,106800
20240123,14:27:19,280.6,200,106800
20240123,14:27:28,280.8,100,106800
20240123,14:27:32,284.4,200,106800
20240123,14:27:33,282.7,150,106800
20240123,14:27:34,283.45,50,106800
20240123,14:27:36,282.0,150,106800
20240123,14:27:38,283.2,150,106800
20240123,14:27:44,284.5,50,106800
20240123,14:27:50,285.3,150,106800
20240123,14:27:52,284.15,1250,106800
20240123,14:27:53,283.85,500,106800
20240123,14:27:55,283.4,550,106800
20240123,14:27:57,282.3,1600,106800
20240123,14:28:03,280.65,300,106800
20240123,14:28:04,280.3,750,106800
20240123,14:28:06,280.6,2200,106800
20240123,14:28:08,280.65,150,106800
20240123,14:28:10,280.8,50,106800
20240123,14:28:11,280.95,450,106800
20240123,14:28:12,280.25,150,106800
20240123,14:28:15,280.05,150,106800
20240123,14:28:17,280.05,200,106800
20240123,14:28:17,280.3,50,106800
20240123,14:28:20,280.0,700,106800
20240123,14:28:20,280.3,300,106800
20240123,14:28:24,280.05,200,106800
20240123,14:28:27,282.6,150,106800
20240123,14:28:29,285.3,350,106800
20240123,14:28:32,284.2,1100,106800
20240123,14:28:32,284.0,150,106800
20240123,14:28:37,283.15,950,106800
20240123,14:28:39,282.6,50,106800
20240123,14:28:41,282.5,600,106800
20240123,14:28:43,282.65,100,106800
20240123,14:28:44,283.2,250,106800
20240123,14:28:47,284.05,300,106800
20240123,14:28:50,285.0,100,106800
20240123,14:28:55,283.9,450,106800
20240123,14:28:58,283.0,100,106800
20240123,14:28:59,283.05,50,106800
20240123,14:29:02,282.35,200,106800
20240123,14:29:03,281.4,450,106800
20240123,14:29:04,280.2,300,106800
20240123,14:29:07,280.7,400,106800
20240123,14:29:09,283.15,100,106800
20240123,14:29:12,282.1,50,106800
20240123,14:29:15,280.05,650,106800
20240123,14:29:17,280.4,800,106800
20240123,14:29:17,280.5,50,106800
20240123,14:29:22,280.5,50,106800
20240123,14:29:25,280.0,100,106800
20240123,14:29:26,279.0,150,106800
20240123,14:29:28,280.65,150,106800
20240123,14:29:29,279.6,100,106800
20240123,14:29:31,280.5,100,106800
20240123,14:29:34,279.8,350,106800
20240123,14:29:38,279.85,400,106800
20240123,14:29:40,281.9,300,106800
20240123,14:29:42,281.7,50,106800
20240123,14:29:44,281.1,600,106800
20240123,14:29:46,281.0,150,106800
20240123,14:29:50,282.3,400,106800
20240123,14:29:52,283.0,50,106800
20240123,14:29:55,281.9,950,106800
20240123,14:29:59,282.15,200,106800
20240123,14:30:01,281.4,1750,106800
20240123,14:30:02,281.6,50,106800
20240123,14:30:05,282.25,50,106800
20240123,14:30:08,281.45,150,106800
20240123,14:30:10,280.0,200,106800
20240123,14:30:16,281.55,50,106800
20240123,14:30:22,280.6,300,113200
20240123,14:30:22,280.75,100,113200
20240123,14:30:28,284.35,200,113200
20240123,14:30:31,282.5,550,113200
20240123,14:30:32,282.0,800,113200
20240123,14:30:33,283.2,150,113200
20240123,14:30:34,283.55,50,113200
20240123,14:30:36,284.4,200,113200
20240123,14:30:39,286.1,500,113200
20240123,14:30:40,288.0,1200,113200
20240123,14:30:42,288.0,500,113200
20240123,14:30:44,288.5,1200,113200
20240123,14:30:46,291.25,1150,113200
20240123,14:30:47,291.1,400,113200
20240123,14:30:49,291.55,250,113200
20240123,14:30:51,288.75,1450,113200
20240123,14:30:51,288.45,1150,113200
20240123,14:30:53,287.45,1450,113200
20240123,14:30:56,288.0,1000,113200
20240123,14:30:58,288.3,100,113200
20240123,14:30:59,287.7,300,113200
20240123,14:31:02,287.9,1600,113200
20240123,14:31:02,287.0,50,113200
20240123,14:31:05,286.3,50,113200
20240123,14:31:07,290.0,300,113200
20240123,14:31:07,291.45,50,113200
20240123,14:31:14,290.8,2650,113200
20240123,14:31:15,291.0,1400,113200
20240123,14:31:17,291.0,150,113200
20240123,14:31:18,292.2,150,113200
20240123,14:31:21,292.2,150,113200
20240123,14:31:24,294.75,700,113200
20240123,14:31:24,294.6,250,113200
20240123,14:31:26,292.55,50,113200
20240123,14:31:28,294.85,100,113200
20240123,14:31:29,294.0,1800,113200
20240123,14:31:32,294.0,1050,113200
20240123,14:31:32,294.95,250,113200
20240123,14:31:35,295.35,250,113200
20240123,14:31:38,294.0,50,113200
20240123,14:31:40,295.5,400,113200
20240123,14:31:42,295.2,50,113200
20240123,14:31:43,296.8,900,113200
20240123,14:31:45,298.25,900,113200
20240123,14:31:46,299.5,1750,113200
20240123,14:31:48,297.7,400,113200
20240123,14:31:49,297.75,150,113200
20240123,14:31:51,295.95,100,113200
20240123,14:31:53,296.7,1800,113200
20240123,14:31:55,297.1,450,113200
20240123,14:31:57,296.25,500,113200
20240123,14:32:02,297.95,150,113200
20240123,14:32:04,298.45,250,113200
20240123,14:32:05,297.3,250,113200
20240123,14:32:06,296.3,650,113200
20240123,14:32:08,294.05,650,113200
20240123,14:32:11,294.1,100,113200
20240123,14:32:14,294.85,1950,113200
20240123,14:32:15,294.05,500,113200
20240123,14:32:17,293.0,550,113200
20240123,14:32:18,293.55,1550,113200
20240123,14:32:19,292.5,50,113200
20240123,14:32:24,292.2,100,113200
20240123,14:32:25,293.55,100,113200
20240123,14:32:29,292.5,200,113200
20240123,14:32:32,291.85,1750,113200
20240123,14:32:36,292.9,600,113200
20240123,14:32:36,293.0,850,113200
20240123,14:32:38,293.0,100,113200
20240123,14:32:40,293.0,200,113200
20240123,14:32:43,296.1,650,113200
20240123,14:32:47,297.0,50,113200
20240123,14:32:48,296.1,200,113200
20240123,14:32:50,296.7,150,113200
20240123,14:32:51,296.75,100,113200
20240123,14:32:53,296.1,150,113200
20240123,14:32:54,296.15,50,113200
20240123,14:32:59,297.3,100,113200
20240123,14:33:00,298.0,100,113200
20240123,14:33:02,297.75,300,113200
20240123,14:33:03,296.2,200,113200
20240123,14:33:05,294.3,750,113200
20240123,14:33:07,293.65,1250,113200
20240123,14:33:08,294.5,100,113200
20240123,14:33:12,294.9,100,113200
20240123,14:33:15,293.65,900,113200
20240123,14:33:16,293.15,900,113200
20240123,14:33:20,293.65,50,113200
20240123,14:33:24,296.4,250,126550
20240123,14:33:24,297.3,50,126550
20240123,14:33:26,296.6,50,126550
20240123,14:33:34,296.55,1000,126550
20240123,14:33:38,296.85,100,126550
20240123,14:33:44,296.1,50,126550
20240123,14:33:45,296.55,50,126550
20240123,14:33:48,293.55,200,126550
20240123,14:33:50,293.55,650,126550
20240123,14:33:53,294.95,200,126550
20240123,14:33:56,293.0,250,126550
20240123,14:34:04,293.4,600,126550
20240123,14:34:05,293.8,150,126550
20240123,14:34:06,293.3,1800,126550
20240123,14:34:10,294.5,500,126550
20240123,14:34:12,292.8,50,126550
20240123,14:34:13,292.85,350,126550
20240123,14:34:15,292.7,1900,126550
20240123,14:34:17,290.0,350,126550
20240123,14:34:17,289.55,700,126550
20240123,14:34:22,290.15,650,126550
20240123,14:34:25,289.55,1450,126550
20240123,14:34:28,285.05,850,126550
20240123,14:34:30,284.35,100,126550
20240123,14:34:32,285.8,350,126550
20240123,14:34:32,285.35,400,126550
20240123,14:34:36,286.35,1050,126550
20240123,14:34:37,287.9,600,126550
20240123,14:34:42,289.6,250,126550
20240123,14:34:43,288.35,150,126550
20240123,14:34:47,292.8,50,126550
20240123,14:34:52,291.75,100,126550
20240123,14:34:53,293.3,50,126550
20240123,14:34:56,290.5,50,126550
20240123,14:34:59,288.0,200,126550
20240123,14:35:00,289.05,400,126550
20240123,14:35:01,289.05,50,126550
20240123,14:35:06,289.85,50,126550
20240123,14:35:09,287.65,500,126550
20240123,14:35:09,288.3,100,126550
20240123,14:35:13,287.8,100,126550
20240123,14:35:17,288.3,2050,126550
20240123,14:35:19,288.35,1200,126550
20240123,14:35:20,288.4,50,126550
20240123,14:35:25,287.2,50,126550
20240123,14:35:29,287.5,250,126550
20240123,14:35:31,285.6,50,126550
20240123,14:35:33,285.55,300,126550
20240123,14:35:37,286.25,50,126550
20240123,14:35:38,287.8,350,126550
20240123,14:35:39,289.05,500,126550
20240123,14:35:45,288.85,50,126550
20240123,14:35:46,290.0,50,126550
20240123,14:35:50,288.75,900,126550
20240123,14:35:51,288.15,500,126550
20240123,14:35:53,289.0,50,126550
20240123,14:35:55,287.0,50,126550
20240123,14:35:55,287.15,200,126550
20240123,14:36:00,289.55,50,126550
20240123,14:36:09,288.15,50,126550
20240123,14:36:11,287.8,250,126550
20240123,14:36:20,288.55,1200,132350
20240123,14:36:20,288.5,50,132350
20240123,14:36:23,288.35,600,132350
20240123,14:36:26,287.5,50,132350
20240123,14:36:31,288.5,400,132350
20240123,14:36:34,289.9,50,132350
20240123,14:36:39,289.25,100,132350
20240123,14:36:40,287.75,300,132350
20240123,14:36:45,288.6,100,132350
20240123,14:36:47,288.9,1200,132350
20240123,14:36:55,288.4,500,132350
20240123,14:37:00,289.7,150,132350
20240123,14:37:05,287.7,350,132350
20240123,14:37:08,289.1,50,132350
20240123,14:37:16,287.8,50,132350
20240123,14:37:26,287.7,50,132350
20240123,14:37:33,287.85,200,132350
20240123,14:37:35,288.0,350,132350
20240123,14:37:40,287.7,500,132350
20240123,14:37:45,288.9,100,132350
20240123,14:37:50,288.25,50,132350
20240123,14:37:52,288.85,50,132350
20240123,14:37:58,288.9,1850,132350
20240123,14:38:00,288.85,100,132350
20240123,14:38:02,288.8,1800,132350
20240123,14:38:05,288.5,50,132350
20240123,14:38:06,289.0,1800,132350
20240123,14:38:07,289.0,500,132350
20240123,14:38:11,288.45,300,132350
20240123,14:38:12,288.05,300,132350
20240123,14:38:21,286.05,150,132350
20240123,14:38:23,285.85,250,132350
20240123,14:38:24,284.25,300,132350
20240123,14:38:28,284.05,100,132350
20240123,14:38:29,284.1,600,132350
20240123,14:38:34,281.25,850,132350
20240123,14:38:34,281.2,300,132350
20240123,14:38:40,280.4,150,132350
20240123,14:38:42,281.5,50,132350
20240123,14:38:44,281.55,100,132350
20240123,14:38:45,281.8,300,132350
20240123,14:38:46,282.1,250,132350
20240123,14:38:49,281.75,250,132350
20240123,14:38:52,282.9,1450,132350
20240123,14:38:55,282.3,400,132350
20240123,14:38:56,281.85,550,132350
20240123,14:39:00,282.05,150,132350
20240123,14:39:03,280.0,2400,132350
20240123,14:39:05,278.1,650,132350
20240123,14:39:06,279.0,200,132350
20240123,14:39:08,279.6,50,132350
20240123,14:39:10,279.65,100,132350
20240123,14:39:12,278.15,100,132350
20240123,14:39:12,276.75,950,132350
20240123,14:39:15,277.05,300,132350
20240123,14:39:16,276.3,100,132350
20240123,14:39:17,276.85,100,132350
20240123,14:39:20,276.0,50,142250
20240123,14:39:22,275.4,950,142250
20240123,14:39:23,275.7,150,142250
20240123,14:39:25,275.35,1350,142250
20240123,14:39:26,276.45,250,142250
20240123,14:39:29,277.85,850,142250
20240123,14:39:30,279.25,450,142250
20240123,14:39:31,279.25,200,142250
20240123,14:39:37,276.6,50,142250
20240123,14:39:39,278.1,250,142250
20240123,14:39:41,277.55,1850,142250
20240123,14:39:44,277.15,450,142250
20240123,14:39:45,278.85,500,142250
20240123,14:39:47,279.0,2150,142250
20240123,14:39:47,278.25,50,142250
20240123,14:39:52,277.15,50,142250
20240123,14:39:55,278.6,150,142250
20240123,14:40:02,277.3,250,142250
20240123,14:40:04,277.35,50,142250
20240123,14:40:07,277.9,1500,142250
20240123,14:40:11,278.9,50,142250
20240123,14:40:13,278.55,200,142250
20240123,14:40:17,277.7,3100,142250
20240123,14:40:18,280.0,1600,142250
20240123,14:40:20,280.1,800,142250
20240123,14:40:22,281.05,450,142250
20240123,14:40:25,283.2,450,142250
20240123,14:40:28,284.6,50,142250
20240123,14:40:30,285.9,1700,142250
20240123,14:40:31,285.9,550,142250
20240123,14:40:32,285.0,50,142250
20240123,14:40:35,281.8,1250,142250
20240123,14:40:36,280.0,50,142250
20240123,14:40:38,279.55,1850,142250
20240123,14:40:40,281.8,350,142250
20240123,14:40:42,284.0,100,142250
20240123,14:40:44,282.25,200,142250
20240123,14:40:48,283.3,50,142250
20240123,14:40:50,282.6,50,142250
20240123,14:40:59,282.9,50,142250
20240123,14:41:01,283.45,250,142250
20240123,14:41:03,284.4,250,142250
20240123,14:41:04,285.0,100,142250
20240123,14:41:06,286.25,300,142250
20240123,14:41:08,285.75,200,142250
20240123,14:41:09,285.3,250,142250
20240123,14:41:13,285.5,200,142250
20240123,14:41:18,284.85,200,142250
20240123,14:41:20,285.4,100,142250
20240123,14:41:20,285.75,150,142250
20240123,14:41:23,286.0,300,142250
20240123,14:41:24,285.75,250,142250
20240123,14:41:28,288.65,250,142250
20240123,14:41:31,288.65,50,142250
20240123,14:41:35,291.0,1550,142250
20240123,14:41:39,290.9,700,142250
20240123,14:41:40,291.8,300,142250
20240123,14:41:42,291.75,150,142250
20240123,14:41:43,290.9,2100,142250
20240123,14:41:44,290.1,50,142250
20240123,14:41:47,289.5,250,142250
20240123,14:41:48,288.0,250,142250
20240123,14:41:50,285.5,200,142250
20240123,14:41:53,286.95,50,142250
20240123,14:41:59,285.5,300,142250
20240123,14:41:59,284.6,150,142250
20240123,14:42:01,285.0,50,142250
20240123,14:42:02,284.45,50,142250
20240123,14:42:05,285.75,250,142250
20240123,14:42:06,284.9,100,142250
20240123,14:42:08,284.85,50,142250
20240123,14:42:11,283.75,1100,142250
20240123,14:42:13,284.9,350,142250
20240123,14:42:20,284.25,50,143600
20240123,14:42:27,285.0,50,143600
20240123,14:42:27,285.6,50,143600
20240123,14:42:32,285.45,50,143600
20240123,14:42:33,285.2,100,143600
20240123,14:42:34,285.35,300,143600
20240123,14:42:37,285.45,150,143600
20240123,14:42:40,285.0,100,143600
20240123,14:42:44,285.9,200,143600
20240123,14:42:48,283.55,100,143600
20240123,14:42:50,282.7,100,143600
20240123,14:42:51,282.2,50,143600
20240123,14:42:52,281.9,200,143600
20240123,14:42:54,280.0,550,143600
20240123,14:42:56,280.15,250,143600
20240123,14:42:58,279.45,500,143600
20240123,14:43:00,280.15,1600,143600
20240123,14:43:01,280.5,200,143600
20240123,14:43:03,282.4,50,143600
20240123,14:43:05,280.0,400,143600
20240123,14:43:05,280.0,150,143600
20240123,14:43:08,280.3,500,143600
20240123,14:43:10,280.0,300,143600
20240123,14:43:11,280.35,50,143600
20240123,14:43:14,280.25,450,143600
20240123,14:43:16,278.35,500,143600
20240123,14:43:22,278.95,2450,143600
20240123,14:43:22,278.0,450,143600
20240123,14:43:24,277.6,200,143600
20240123,14:43:30,278.0,50,143600
20240123,14:43:34,275.75,300,143600
20240123,14:43:34,277.35,50,143600
20240123,14:43:36,276.0,150,143600
20240123,14:43:39,276.05,150,143600
20240123,14:43:41,276.65,100,143600
20240123,14:43:43,277.2,600,143600
20240123,14:43:52,276.75,750,143600
20240123,14:43:54,278.1,500,143600
20240123,14:43:54,279.2,50,143600
20240123,14:43:56,278.5,50,143600
20240123,14:43:58,277.75,100,143600
20240123,14:43:59,278.55,500,143600
20240123,14:44:01,278.45,200,143600
20240123,14:44:04,276.6,300,143600
20240123,14:44:04,275.65,250,143600
20240123,14:44:07,277.05,150,143600
20240123,14:44:12,277.45,100,143600
20240123,14:44:15,276.7,50,143600
20240123,14:44:17,275.55,300,143600
20240123,14:44:22,276.85,100,143600
20240123,14:44:27,275.1,250,143600
20240123,14:44:30,275.85,100,143600
20240123,14:44:30,275.0,1850,143600
20240123,14:44:34,274.35,50,143600
20240123,14:44:35,274.6,150,143600
20240123,14:44:39,272.05,1100,143600
20240123,14:44:40,270.9,150,143600
20240123,14:44:43,270.0,1550,143600
20240123,14:44:45,270.85,400,143600
20240123,14:44:48,271.85,550,143600
20240123,14:44:51,273.95,300,143600
20240123,14:44:53,271.85,50,143600
20240123,14:44:54,270.3,150,143600
20240123,14:44:56,270.5,2100,143600
20240123,14:44:58,273.1,650,143600
20240123,14:45:00,273.0,2700,143600
20240123,14:45:03,272.5,450,143600
20240123,14:45:05,273.65,350,143600
20240123,14:45:12,273.15,600,143600
20240123,14:45:15,273.4,300,143600
20240123,14:45:15,273.2,50,143600
20240123,14:45:18,274.8,200,143600
20240123,14:45:21,275.9,50,153750
20240123,14:45:23,276.7,50,153750
20240123,14:45:25,278.65,1150,153750
20240123,14:45:27,278.9,950,153750
20240123,14:45:29,277.5,1800,153750
20240123,14:45:33,279.1,100,153750
20240123,14:45:35,279.8,300,153750
20240123,14:45:36,280.0,1750,153750
20240123,14:45:38,277.0,600,153750
20240123,14:45:39,275.0,700,153750
20240123,14:45:41,277.0,50,153750
20240123,14:45:44,275.15,100,153750
20240123,14:45:46,276.55,150,153750
20240123,14:45:52,277.0,50,153750
20240123,14:45:53,277.85,250,153750
20240123,14:45:55,276.55,100,153750
20240123,14:45:57,277.35,50,153750
20240123,14:46:01,275.0,400,153750
20240123,14:46:04,275.0,150,153750
20240123,14:46:09,275.0,1200,153750
20240123,14:46:12,274.95,150,153750
20240123,14:46:14,273.9,50,153750
20240123,14:46:20,275.95,50,153750
20240123,14:46:21,275.2,150,153750
20240123,14:46:23,276.4,50,153750
20240123,14:46:25,276.55,500,153750
20240123,14:46:26,276.15,50,153750
20240123,14:46:28,276.5,50,153750
20240123,14:46:32,277.15,300,153750
20240123,14:46:33,276.5,400,153750
20240123,14:46:36,277.0,100,153750
20240123,14:46:42,279.0,200,153750
20240123,14:46:43,280.0,800,153750
20240123,14:46:44,280.6,400,153750
20240123,14:46:47,280.0,50,153750
20240123,14:46:48,279.75,150,153750
20240123,14:46:50,278.95,500,153750
20240123,14:46:51,279.2,50,153750
20240123,14:46:56,278.5,50,153750
20240123,14:46:59,275.85,50,153750
20240123,14:47:04,278.35,250,153750
20240123,14:47:10,275.9,200,153750
20240123,14:47:13,276.8,50,153750
20240123,14:47:15,275.0,200,153750
20240123,14:47:20,277.55,50,153750
20240123,14:47:26,277.4,50,153750
20240123,14:47:28,276.45,400,153750
20240123,14:47:30,276.8,100,153750
20240123,14:47:31,277.2,150,153750
20240123,14:47:39,278.25,100,153750
20240123,14:47:40,277.2,50,153750
20240123,14:47:42,276.6,150,153750
20240123,14:47:46,276.5,100,153750
20240123,14:47:47,277.25,150,153750
20240123,14:47:49,275.9,50,153750
20240123,14:47:53,276.1,100,153750
20240123,14:47:55,276.3,250,153750
20240123,14:47:57,276.0,50,153750
20240123,14:47:59,275.05,150,153750
20240123,14:48:01,276.8,50,153750
20240123,14:48:02,276.45,200,153750
20240123,14:48:05,275.85,150,153750
20240123,14:48:08,278.25,50,153750
20240123,14:48:10,279.55,350,153750
20240123,14:48:17,278.4,200,153750
20240123,14:48:19,279.5,100,154200
20240123,14:48:22,279.8,450,154200
20240123,14:48:23,280.0,1500,154200
20240123,14:48:25,281.0,850,154200
20240123,14:48:26,282.6,300,154200
20240123,14:48:28,280.6,400,154200
20240123,14:48:30,279.55,1250,154200
20240123,14:48:32,279.25,100,154200
20240123,14:48:33,280.95,50,154200
20240123,14:48:35,280.15,350,154200
20240123,14:48:38,280.25,50,154200
20240123,14:48:42,283.0,150,154200
20240123,14:48:43,282.4,350,154200
20240123,14:48:45,281.5,700,154200
20240123,14:48:46,281.35,300,154200
20240123,14:48:48,282.45,500,154200
20240123,14:48:52,284.5,250,154200
20240123,14:48:54,284.95,400,154200
20240123,14:48:55,285.0,1050,154200
20240123,14:48:57,287.45,900,154200
20240123,14:48:58,288.15,100,154200
20240123,14:49:00,286.2,600,154200
20240123,14:49:01,285.75,850,154200
20240123,14:49:03,287.35,2250,154200
20240123,14:49:05,284.5,750,154200
20240123,14:49:07,284.0,1000,154200
20240123,14:49:08,284.5,100,154200
20240123,14:49:10,286.35,250,154200
20240123,14:49:12,287.0,200,154200
20240123,14:49:13,286.45,250,154200
20240123,14:49:17,285.5,250,154200
20240123,14:49:19,285.1,150,154200
20240123,14:49:19,283.75,750,154200
20240123,14:49:22,283.85,100,154200
20240123,14:49:24,282.6,650,154200
20240123,14:49:25,283.85,500,154200
20240123,14:49:27,284.65,100,154200
20240123,14:49:28,283.6,200,154200
20240123,14:49:30,283.0,150,154200
20240123,14:49:38,285.05,300,154200
20240123,14:49:41,284.15,400,154200
20240123,14:49:44,283.55,100,154200
20240123,14:49:46,284.6,100,154200
20240123,14:49:48,283.75,50,154200
20240123,14:49:50,284.45,150,154200
20240123,14:49:53,283.55,50,154200
20240123,14:49:57,284.7,500,154200
20240123,14:50:01,285.9,100,154200
20240123,14:50:04,287.4,100,154200
20240123,14:50:07,289.4,800,154200
20240123,14:50:08,288.9,100,154200
20240123,14:50:10,290.0,650,154200
20240123,14:50:11,290.0,600,154200
20240123,14:50:17,290.6,200,154200
20240123,14:50:18,290.35,400,154200
20240123,14:50:19,291.55,150,154200
20240123,14:50:22,289.9,300,154200
20240123,14:50:24,290.2,600,154200
20240123,14:50:25,289.5,250,154200
20240123,14:50:26,289.15,100,154200
20240123,14:50:29,289.95,50,154200
20240123,14:50:29,290.15,250,154200
20240123,14:50:34,286.0,400,154200
20240123,14:50:35,287.55,50,154200
20240123,14:50:36,289.0,200,154200
20240123,14:50:40,290.0,200,154200
20240123,14:50:42,291.2,500,154200
20240123,14:50:44,292.2,1550,154200
20240123,14:50:45,292.35,150,154200
20240123,14:50:47,291.2,150,154200
20240123,14:50:50,291.6,250,154200
20240123,14:50:55,295.4,1100,154200
20240123,14:50:56,295.35,100,154200
20240123,14:50:58,293.45,300,154200
20240123,14:51:01,295.2,100,154200
20240123,14:51:02,295.65,100,154200
20240123,14:51:03,294.0,1200,154200
20240123,14:51:05,296.35,300,154200
20240123,14:51:06,294.15,50,154200
20240123,14:51:08,293.15,1450,154200
20240123,14:51:11,292.4,400,154200
20240123,14:51:12,293.3,50,154200
20240123,14:51:15,290.0,550,154200
20240123,14:51:17,292.2,200,154200
20240123,14:51:18,291.1,550,154200
20240123,14:51:22,290.65,250,153000
20240123,14:51:23,291.1,200,153000
20240123,14:51:25,288.0,200,153000
20240123,14:51:29,288.9,50,153000
20240123,14:51:32,288.6,400,153000
20240123,14:51:34,289.45,50,153000
20240123,14:51:35,290.25,50,153000
20240123,14:51:37,292.15,1550,153000
20240123,14:51:39,292.0,550,153000
20240123,14:51:41,291.5,600,153000
20240123,14:51:42,290.5,400,153000
20240123,14:51:43,290.6,600,153000
20240123,14:51:45,289.3,600,153000
20240123,14:51:46,289.85,50,153000
20240123,14:51:49,290.3,250,153000
20240123,14:51:52,290.9,850,153000
20240123,14:51:53,293.5,450,153000
20240123,14:51:58,293.65,50,153000
20240123,14:52:04,291.85,100,153000
20240123,14:52:05,292.25,550,153000
20240123,14:52:07,293.3,150,153000
20240123,14:52:11,291.15,150,153000
20240123,14:52:17,292.8,50,153000
20240123,14:52:25,290.4,50,153000
20240123,14:52:28,291.8,150,153000
20240123,14:52:30,289.55,350,153000
20240123,14:52:34,291.3,50,153000
20240123,14:52:39,290.0,50,153000
20240123,14:52:40,289.5,150,153000
20240123,14:52:43,289.5,100,153000
20240123,14:52:45,288.0,50,153000
20240123,14:52:46,289.15,600,153000
20240123,14:52:49,286.7,100,153000
20240123,14:52:50,285.6,250,153000
20240123,14:52:52,286.75,1500,153000
20240123,14:52:54,286.8,1000,153000
20240123,14:52:55,286.65,50,153000
20240123,14:52:59,287.45,100,153000
20240123,14:53:00,285.15,500,153000
20240123,14:53:02,285.0,800,153000
20240123,14:53:04,284.15,550,153000
20240123,14:53:05,286.2,150,153000
20240123,14:53:09,285.25,150,153000
20240123,14:53:11,285.3,150,153000
20240123,14:53:14,283.0,150,153000
20240123,14:53:15,281.4,100,153000
20240123,14:53:17,282.35,1450,153000
20240123,14:53:19,281.0,450,153000
20240123,14:53:20,281.0,50,153000
20240123,14:53:21,280.0,350,153000
20240123,14:53:24,281.05,400,153000
20240123,14:53:26,281.55,600,153000
20240123,14:53:26,281.75,100,153000
20240123,14:53:30,283.7,1050,153000
20240123,14:53:32,284.7,450,153000
20240123,14:53:34,283.35,50,153000
20240123,14:53:36,282.5,250,153000
20240123,14:53:37,285.0,2350,153000
20240123,14:53:39,285.45,650,153000
20240123,14:53:40,284.85,1850,153000
20240123,14:53:42,285.9,50,153000
20240123,14:53:45,284.85,400,153000
20240123,14:53:51,285.0,500,153000
20240123,14:53:56,284.5,100,153000
20240123,14:53:59,282.15,50,153000
20240123,14:54:05,281.0,200,153000
20240123,14:54:07,281.75,50,153000
20240123,14:54:07,281.6,500,153000
20240123,14:54:10,281.15,200,153000
20240123,14:54:12,282.9,500,153000
20240123,14:54:14,282.0,100,153000
20240123,14:54:18,280.9,100,153000
20240123,14:54:19,279.6,100,153000
20240123,14:54:22,279.3,2800,155300
20240123,14:54:22,279.5,100,155300
20240123,14:54:24,278.6,50,155300
20240123,14:54:29,280.25,100,155300
20240123,14:54:30,278.65,350,155300
20240123,14:54:31,278.7,50,155300
20240123,14:54:33,278.6,50,155300
20240123,14:54:34,277.75,300,155300
20240123,14:54:45,281.25,2900,155300
20240123,14:54:52,282.6,250,155300
20240123,14:54:57,282.8,100,155300
20240123,14:54:58,283.35,50,155300
20240123,14:55:00,283.95,50,155300
20240123,14:55:02,283.95,50,155300
20240123,14:55:03,282.5,100,155300
20240123,14:55:07,282.2,650,155300
20240123,14:55:09,281.25,50,155300
20240123,14:55:12,280.3,50,155300
20240123,14:55:13,279.3,150,155300
20240123,14:55:16,279.0,250,155300
20240123,14:55:16,279.6,50,155300
20240123,14:55:21,280.3,50,155300
20240123,14:55:28,281.7,200,155300
20240123,14:55:32,282.0,450,155300
20240123,14:55:35,281.55,400,155300
20240123,14:55:43,280.0,50,155300
20240123,14:55:44,279.65,50,155300
20240123,14:55:49,281.9,50,155300
20240123,14:55:50,279.65,100,155300
20240123,14:55:54,280.5,350,155300
20240123,14:55:56,279.95,150,155300
20240123,14:55:57,280.55,250,155300
20240123,14:55:58,281.1,100,155300
20240123,14:56:03,280.0,150,155300
20240123,14:56:05,279.65,150,155300
20240123,14:56:06,276.8,2400,155300
20240123,14:56:09,277.95,500,155300
20240123,14:56:11,277.15,1500,155300
20240123,14:56:13,276.95,450,155300
20240123,14:56:15,277.5,150,155300
20240123,14:56:17,277.75,550,155300
20240123,14:56:18,274.95,2000,155300
20240123,14:56:20,274.8,400,155300
20240123,14:56:24,275.05,50,155300
20240123,14:56:26,276.5,100,155300
20240123,14:56:30,276.9,50,155300
20240123,14:56:32,276.35,50,155300
20240123,14:56:35,276.85,200,155300
20240123,14:56:36,277.1,150,155300
20240123,14:56:41,275.0,50,155300
20240123,14:56:43,275.25,150,155300
20240123,14:56:48,274.6,100,155300
20240123,14:56:55,274.4,450,155300
20240123,14:57:00,274.7,400,155300
20240123,14:57:02,274.3,100,155300
20240123,14:57:03,275.1,300,155300
20240123,14:57:06,272.55,200,155300
20240123,14:57:08,273.35,700,155300
20240123,14:57:12,271.0,50,155300
20240123,14:57:13,271.6,300,155300
20240123,14:57:16,272.0,550,155300
20240123,14:57:18,271.95,150,155300
