date,time,tick_price,volume,open_interest
20231227,14:42:41,469.7,50,50
20231229,11:20:44,444.5,1,50
20231229,11:20:44,444.5,50,50
20231229,12:10:05,400.6,50,50
20231229,12:30:55,400.6,600,50
20231229,15:21:11,427.95,600,650
20240101,11:03:30,414.8,1,650
20240101,11:03:30,414.8,50,650
20240101,11:04:59,412.9,50,650
20240101,12:01:52,410.0,100,750
20240101,14:05:20,349.0,100,700
20240101,14:30:16,332.0,50,800
20240101,14:49:38,320.0,950,800
20240101,14:50:31,313.0,300,800
20240101,14:52:20,313.0,400,2050
20240101,14:53:32,320.0,50,2050
20240101,14:55:44,320.7,50,2400
20240101,14:59:26,320.45,200,2450
20240101,14:59:43,321.45,200,2450
20240101,15:01:09,322.05,100,2850
20240101,15:01:18,322.7,100,2850
20240101,15:01:41,333.35,650,2850
20240101,15:04:19,332.55,50,3650
20240101,15:04:28,331.85,50,3650
20240101,15:04:37,333.05,50,3650
20240101,15:04:46,331.35,50,3650
20240101,15:04:55,332.25,50,3650
20240101,15:20:20,391.6,300,3550
20240101,15:20:32,395.0,900,3550
20240101,15:21:07,398.6,50,3550
20240101,15:21:18,398.4,300,3550
20240101,15:22:04,411.25,50,3050
20240101,15:24:30,418.05,300,3050
20240101,15:28:03,423.75,250,3050
20240101,15:28:16,427.65,800,3050
20240102,09:19:48,401.85,1,2350
20240102,09:19:48,401.8,100,2350
20240102,09:26:50,413.25,350,2300
20240102,09:28:00,413.25,300,2300
20240102,09:28:10,410.15,250,2300
20240102,09:28:21,409.8,250,2300
20240102,09:28:32,414.4,600,2300
20240102,09:35:21,414.4,350,2500
20240102,10:00:02,465.3,100,2150
20240102,10:02:15,465.3,550,2150
20240102,10:18:13,455.95,50,2700
20240102,14:45:50,430.0,50,2750
20240102,15:08:01,472.55,100,2750
20240102,15:15:07,472.55,50,2700
20240103,10:04:29,514.8,1,2650
20240103,10:04:29,514.8,50,2650
20240104,11:27:03,462.95,1,2650
20240104,11:27:03,462.95,50,2650
20240104,11:29:34,445.5,50,2650
20240104,11:31:12,445.5,50,2650
20240104,12:54:46,435.45,200,2650
20240104,14:07:43,435.45,50,2850
20240105,09:20:34,388.0,1,2850
20240105,09:20:34,388.0,50,2850
20240105,09:20:52,384.55,50,2850
20240105,09:24:52,384.55,100,2950
20240105,09:27:23,401.0,250,3050
20240105,09:27:42,401.0,50,3050
20240105,09:29:00,399.2,400,3050
20240105,09:29:38,395.8,100,3750
20240105,09:30:48,390.1,50,3750
20240105,09:44:57,386.1,100,3900
20240105,09:51:37,383.0,100,4000
20240105,09:52:30,379.8,50,4000
20240105,09:53:12,378.3,300,4000
20240105,09:53:55,378.3,250,4000
20240105,09:54:23,378.95,100,4250
20240105,10:00:25,381.0,150,4600
20240105,10:05:49,383.35,100,4750
20240105,10:06:39,382.0,50,4750
20240105,10:09:48,379.95,100,4900
20240105,10:10:43,379.55,50,4900
20240105,10:15:32,387.65,50,4900
20240105,10:17:20,385.0,50,5000
20240105,10:17:37,386.0,50,5050
20240105,10:18:00,386.85,50,5050
20240105,10:22:49,387.25,250,5100
20240105,10:29:19,385.05,50,5350
20240105,10:31:06,382.75,50,5300
20240105,10:33:41,382.0,50,5300
20240105,10:40:59,382.0,350,5300
20240105,10:41:10,382.0,300,5300
20240105,10:41:16,382.0,350,5300
20240105,10:43:36,388.0,1000,5950
20240105,10:47:34,414.95,200,5950
20240105,10:47:46,416.0,50,6150
20240105,10:48:59,419.15,100,6150
20240105,10:50:55,419.15,50,6250
20240105,11:07:06,419.15,50,6250
20240105,11:08:27,415.0,50,6250
20240105,11:08:56,413.5,150,6350
20240105,11:09:09,408.7,50,6350
20240105,11:09:42,411.0,150,6350
20240105,11:10:27,408.8,150,6350
20240105,11:11:02,407.75,150,6350
20240105,11:11:39,406.0,50,7000
20240105,11:12:02,408.0,150,7000
20240105,11:18:56,431.55,150,7200
20240105,11:19:10,433.0,200,7200
20240105,11:20:43,433.0,100,6900
20240105,11:23:25,424.45,200,6900
20240105,11:23:55,424.3,50,7200
20240105,11:40:32,425.0,1000,7250
20240105,11:40:50,426.0,1000,7250
20240105,11:54:34,420.4,1500,8450
20240105,11:54:36,420.4,500,8450
20240105,11:54:49,422.05,4000,8450
20240105,11:55:11,420.6,400,8450
20240105,11:55:13,420.6,1200,8450
20240105,11:55:14,420.6,400,8450
20240105,11:55:22,422.0,2000,8450
20240105,11:56:22,419.7,50,8450
20240105,11:56:30,419.0,50,8450
20240105,11:56:39,419.0,450,14850
20240105,11:56:40,419.5,100,14850
20240105,11:56:42,419.5,1400,14850
20240105,11:56:50,421.5,2000,14850
20240105,11:57:27,419.65,2000,14850
20240105,11:57:31,420.25,1500,14850
20240105,11:58:41,420.6,2050,14850
20240105,11:58:43,420.6,950,14850
20240105,11:58:45,420.75,350,14850
20240105,11:58:46,420.75,1150,14850
20240105,11:58:48,420.6,750,14850
20240105,11:58:50,420.6,250,14850
20240105,12:01:35,417.0,500,27500
20240105,12:01:45,419.25,50,27500
20240105,12:02:16,420.6,150,27500
20240105,12:04:17,415.0,700,28000
20240105,12:07:24,415.0,150,28000
20240105,12:10:03,402.5,50,28000
20240105,12:10:31,403.75,50,28000
20240105,12:10:34,404.35,50,28000
20240105,12:15:25,405.9,500,28000
20240105,12:16:31,405.9,500,28000
20240105,12:16:34,405.55,500,28000
20240105,12:34:10,401.4,450,26550
20240105,12:34:11,401.4,50,26550
20240105,12:34:24,401.65,250,26550
20240105,12:45:26,408.5,500,26550
20240105,12:45:28,408.5,300,26600
20240105,12:45:29,408.0,2200,26600
20240105,12:45:51,409.1,2850,26600
20240105,12:45:53,409.1,150,26600
20240105,12:46:12,413.7,3000,26600
20240105,12:46:20,411.6,2500,26600
20240105,12:46:22,412.95,250,26600
20240105,12:46:23,412.95,150,26600
20240105,12:46:25,412.95,100,26600
20240105,12:47:35,411.0,500,26600
20240105,12:47:37,411.4,1600,26600
20240105,12:47:38,411.4,900,26600
20240105,12:49:07,406.2,3550,41400
20240105,12:49:42,402.9,2450,41400
20240105,12:51:13,406.2,2500,47400
20240105,12:51:33,407.4,2500,47400
20240105,12:51:40,409.5,1000,47400
20240105,12:51:43,409.5,1500,47400
20240105,12:51:45,409.7,2500,47400
20240105,12:51:52,409.35,1950,47400
20240105,12:51:54,409.35,100,47400
20240105,12:51:55,409.35,100,47400
20240105,12:51:57,409.0,750,47400
20240105,12:52:15,409.35,50,47400
20240105,12:52:30,409.35,300,47400
20240105,12:54:39,410.85,2500,59900
20240105,12:56:42,412.6,950,59900
20240105,12:57:38,412.6,700,63350
20240105,12:57:45,412.6,350,63350
20240105,12:59:52,417.8,2000,64400
20240105,12:59:57,419.0,50,64400
20240105,13:00:12,413.1,50,64400
20240105,13:00:22,417.35,2000,64400
20240105,13:00:28,418.0,500,64400
20240105,13:00:35,415.2,750,64400
20240105,13:00:37,415.2,750,64400
20240105,13:01:27,413.6,1100,64400
20240105,13:01:28,413.6,900,64400
20240105,13:02:03,411.4,100,64400
20240105,13:02:40,409.2,50,64400
20240105,13:03:19,409.55,50,64400
20240105,13:03:20,409.5,150,72450
20240105,13:04:15,411.45,800,72450
20240105,13:06:45,411.45,1950,72450
20240105,13:09:40,405.5,650,74400
20240105,13:23:36,406.2,100,74400
20240105,13:27:13,411.0,50,74400
20240105,13:27:43,406.05,50,74400
20240105,13:30:09,412.4,50,74400
20240105,13:30:53,411.4,150,74400
20240105,13:30:58,412.6,1600,74400
20240105,13:31:56,412.6,350,74400
20240105,13:32:27,414.25,300,74400
20240105,13:33:08,414.0,700,76700
20240105,13:33:30,415.65,50,76700
20240105,13:34:43,420.0,500,76700
20240105,13:35:02,416.85,250,76700
20240105,13:36:07,419.5,650,77900
20240105,13:36:28,419.55,300,77900
20240105,13:37:46,421.6,150,77900
20240105,13:39:24,420.2,150,77900
20240105,13:40:13,422.85,50,77900
20240105,13:40:17,423.35,350,77900
20240105,13:40:22,423.3,200,77900
20240105,13:40:27,426.6,300,77900
20240105,13:40:29,427.55,200,77900
20240105,13:40:34,428.4,300,77900
20240105,13:40:35,429.0,400,77900
20240105,13:42:32,432.3,50,77950
20240105,13:42:54,431.25,50,77950
20240105,13:43:01,429.35,250,77950
20240105,13:45:38,421.6,100,77900
20240105,13:55:54,424.6,50,77900
20240105,13:58:23,413.4,50,77900
20240105,13:59:01,413.2,50,77900
20240105,13:59:03,412.55,50,77900
20240105,13:59:38,414.8,50,77900
20240105,14:03:30,433.6,50,77900
20240105,14:03:42,433.65,50,77900
20240105,14:03:43,435.1,50,77900
20240105,14:04:15,435.6,50,77900
20240105,14:04:36,440.55,50,77900
20240105,14:06:06,440.55,150,77900
20240105,14:07:04,432.4,100,77900
20240105,14:07:07,433.4,150,77900
20240105,14:07:14,432.7,50,77900
20240105,14:08:46,436.2,150,77900
20240105,14:09:13,441.35,200,77950
20240105,14:09:30,442.0,600,77950
20240105,14:09:52,447.35,300,77950
20240105,14:09:53,449.15,50,77950
20240105,14:13:21,455.6,450,78450
20240105,14:13:29,457.95,50,78450
20240105,14:13:51,460.75,150,78450
20240105,14:13:55,459.8,50,78450
20240105,14:14:33,455.6,50,78450
20240105,14:14:58,455.0,50,78450
20240105,14:17:41,460.9,200,78400
20240105,14:18:01,466.75,50,78400
20240105,14:18:41,467.0,150,78400
20240105,14:19:13,475.0,600,78400
20240105,14:19:16,476.95,100,78400
20240105,14:19:26,476.95,450,78400
20240105,14:20:11,476.4,150,78400
20240105,14:20:54,480.0,50,78400
20240105,14:20:58,481.05,150,78400
20240105,14:21:26,480.0,50,78400
20240105,14:21:37,484.15,50,78400
20240105,14:21:39,484.15,100,78400
20240105,14:21:57,476.0,50,78400
20240105,14:22:38,476.4,100,78400
20240105,14:23:49,466.8,250,78400
20240105,14:23:53,468.0,200,78400
20240105,14:24:26,458.7,200,78400
20240105,14:24:41,464.4,150,78400
20240105,14:24:46,465.1,50,78400
20240105,14:25:44,472.05,50,78400
20240105,14:26:18,468.55,50,78400
20240105,14:26:50,473.75,50,78400
20240105,14:27:10,473.15,50,78450
20240105,14:29:49,467.55,50,78450
20240105,14:31:56,457.6,100,78400
20240105,14:39:21,454.95,50,78400
20240105,14:39:45,450.0,50,78400
20240105,14:41:11,454.2,100,78400
20240105,14:45:37,430.5,200,78400
20240105,14:46:36,426.6,50,78400
20240105,14:46:57,426.6,50,78400
20240105,14:50:02,411.0,200,78400
20240105,14:50:03,410.0,100,78400
20240105,14:50:40,400.25,150,78400
20240105,14:50:53,393.3,50,78400
20240105,14:51:12,391.8,250,78500
20240105,14:51:13,391.85,150,78500
20240105,14:51:30,399.05,50,78500
20240105,14:52:01,396.65,50,78500
20240105,14:52:06,398.55,650,78500
20240105,14:52:46,395.4,150,78500
20240105,14:52:54,391.05,150,78500
20240105,14:52:57,390.6,150,78500
20240105,14:52:59,388.8,250,78500
20240105,14:53:01,387.0,50,78500
20240105,14:53:04,387.6,150,78500
20240105,14:53:06,388.0,500,78500
20240105,14:53:07,390.15,1850,78500
20240105,14:53:11,392.5,2150,78500
20240105,14:53:14,393.5,1800,78500
20240105,14:53:16,393.5,1800,78500
20240105,14:53:17,394.0,2100,78500
20240105,14:53:19,394.2,2600,78500
20240105,14:53:22,392.45,2850,78500
20240105,14:53:24,394.8,1800,78500
20240105,14:53:27,392.65,1900,78500
20240105,14:53:47,396.8,2000,78500
20240105,14:53:49,399.1,1800,78500
20240105,14:53:51,399.85,1800,78500
20240105,14:53:54,400.05,250,78500
20240105,14:53:56,400.0,1900,78500
20240105,14:54:01,400.05,350,78500
20240105,14:54:24,395.0,1800,78950
20240105,14:54:29,396.0,1800,78950
20240105,14:54:30,396.5,1800,78950
20240105,14:54:34,394.25,150,78950
20240105,14:54:37,396.5,1800,78950
20240105,14:55:02,393.65,100,78950
20240105,14:55:09,388.2,100,78950
20240105,14:55:10,389.6,1800,78950
20240105,14:55:12,390.0,1800,78950
20240105,14:55:15,391.5,1800,78950
20240105,14:55:20,396.0,1800,78950
20240105,14:55:22,394.8,2000,78950
20240105,14:55:24,391.25,200,78950
20240105,14:55:25,392.0,1800,78950
20240105,14:55:27,389.4,1800,78950
20240105,14:55:30,388.05,1950,78950
20240105,14:55:32,390.0,2350,78950
20240105,14:55:35,388.05,100,78950
20240105,14:55:37,388.2,150,78950
20240105,14:55:47,390.0,50,78950
20240105,14:55:54,390.0,1750,78950
20240105,14:58:50,398.9,100,82750
20240105,14:59:00,401.55,450,82750
20240105,15:00:02,392.85,50,82750
20240105,15:00:14,383.8,50,82300
20240105,15:00:24,378.35,50,82300
20240105,15:00:27,385.1,50,82300
20240105,15:00:56,388.8,100,82300
20240105,15:01:04,384.55,100,82300
20240105,15:01:16,379.05,600,82300
20240105,15:01:28,376.15,400,82300
20240105,15:01:31,382.2,750,82300
20240105,15:01:33,380.45,100,82300
20240105,15:01:35,381.0,50,82300
20240105,15:01:49,378.55,650,82300
20240105,15:02:05,375.95,200,82300
20240105,15:02:09,375.15,100,82300
20240105,15:02:28,370.0,150,82300
20240105,15:02:32,367.2,100,82300
20240105,15:02:33,367.2,50,82300
20240105,15:02:35,367.2,50,82300
20240105,15:02:38,370.15,200,82300
20240105,15:02:42,368.55,250,82300
20240105,15:02:45,370.2,700,82300
20240105,15:02:50,369.6,200,82300
20240105,15:03:00,372.05,50,82300
20240105,15:03:08,373.05,200,81300
20240105,15:03:42,375.2,50,81300
20240105,15:04:37,376.25,50,81300
20240105,15:04:49,375.0,50,81300
20240105,15:05:01,371.3,50,81300
20240105,15:05:16,367.45,50,81300
20240105,15:06:39,382.8,500,81150
20240105,15:07:54,372.0,50,81150
20240105,15:08:24,370.25,50,81150
20240105,15:08:32,370.25,50,81150
20240105,15:09:27,375.0,50,80800
20240105,15:09:54,380.0,50,80800
20240105,15:12:48,387.65,50,80750
20240105,15:15:13,386.4,450,80700
20240105,15:15:20,389.55,50,80700
20240105,15:15:43,392.4,1500,80700
20240105,15:16:08,393.9,50,80700
20240105,15:16:10,394.1,50,80700
20240105,15:16:43,398.0,50,80700
20240105,15:17:14,402.0,100,80700
20240105,15:19:01,402.05,150,80400
20240105,15:19:17,400.0,150,80400
20240105,15:19:20,395.05,1500,80400
20240105,15:19:25,396.0,200,80400
20240105,15:19:52,398.2,500,80400
20240105,15:20:02,398.05,100,80400
20240105,15:20:03,400.15,100,80400
20240105,15:21:24,394.25,50,79400
20240105,15:22:28,394.0,7200,79400
20240105,15:22:30,394.0,1700,79400
20240105,15:22:34,394.0,50,79400
20240105,15:22:35,394.0,550,79400
20240105,15:24:21,400.8,100,80450
20240105,15:25:15,395.6,550,80450
20240105,15:25:27,394.0,3500,80450
20240105,15:25:29,394.0,6050,80450
20240105,15:25:30,394.0,6900,80450
20240105,15:25:32,394.0,400,80450
20240105,15:25:35,394.0,3150,80450
20240105,15:25:37,394.0,10750,80450
20240105,15:26:00,393.55,8350,80450
20240105,15:26:02,393.55,1350,80450
20240105,15:26:04,393.55,150,80450
20240105,15:26:13,393.7,350,80450
20240105,15:26:15,393.65,350,80450
20240105,15:26:17,393.55,400,80450
20240105,15:26:33,391.5,150,80450
20240105,15:27:28,386.3,500,101950
20240105,15:27:33,386.6,550,101950
20240105,15:27:37,387.1,550,101950
20240105,15:27:38,387.1,50,101950
20240105,15:27:47,387.8,200,101950
20240105,15:27:48,387.8,500,101950
20240105,15:27:58,387.55,100,101950
20240105,15:28:00,385.25,50,101950
20240105,15:28:18,385.55,900,101950
20240105,15:28:19,385.85,250,101950
20240105,15:28:23,385.35,600,101950
20240105,15:28:24,385.55,300,101950
20240105,15:28:26,386.05,300,101950
20240105,15:29:30,391.75,100,101950
20240108,09:15:06,402.55,1,104000
20240108,09:15:06,402.5,850,104000
20240108,09:15:07,397.9,850,104000
20240108,09:15:09,401.0,2250,104000
20240108,09:15:20,400.0,250,104000
20240108,09:15:37,397.5,350,104000
20240108,09:16:03,395.5,250,104000
20240108,09:16:06,393.0,50,104000
20240108,09:16:08,387.5,800,104000
20240108,09:16:37,388.0,250,104000
20240108,09:16:39,385.95,600,104000
20240108,09:16:44,382.55,100,104000
20240108,09:16:46,382.55,250,104000
20240108,09:16:54,388.0,350,104000
20240108,09:17:03,388.5,50,104000
20240108,09:17:08,386.5,650,104000
20240108,09:17:20,389.0,50,107450
20240108,09:18:54,389.7,300,107450
20240108,09:18:57,389.0,250,107450
20240108,09:18:59,388.45,200,107450
20240108,09:19:06,385.0,50,107450
20240108,09:19:21,386.5,100,107450
20240108,09:20:26,385.0,200,108250
20240108,09:20:38,387.2,200,108250
20240108,09:20:59,392.95,150,108250
20240108,09:21:03,395.15,750,108250
20240108,09:21:16,399.0,50,108250
20240108,09:21:19,397.35,100,108250
20240108,09:21:23,396.7,50,108250
20240108,09:21:51,397.05,50,108250
20240108,09:22:06,393.75,100,108250
20240108,09:22:11,394.0,200,108250
20240108,09:23:01,385.6,150,108250
20240108,09:23:20,380.0,100,108250
20240108,09:24:00,376.05,50,109800
20240108,09:24:50,372.7,50,109800
20240108,09:24:52,372.0,50,109800
20240108,09:25:06,371.3,50,109800
20240108,09:25:08,371.3,250,109800
20240108,09:25:09,372.0,1100,109800
20240108,09:25:11,372.0,300,109800
20240108,09:25:19,372.0,200,109800
20240108,09:26:00,370.0,50,109800
20240108,09:26:07,370.0,1800,109800
20240108,09:26:58,373.0,1800,110550
20240108,09:27:04,371.8,50,110550
20240108,09:27:54,374.8,50,110550
20240108,09:29:50,386.05,50,112450
20240108,09:29:53,385.75,600,112450
20240108,09:30:20,388.95,300,112450
20240108,09:30:24,387.0,150,112450
20240108,09:30:53,393.2,150,112450
20240108,09:30:55,393.6,50,112450
20240108,09:31:16,393.6,700,112450
20240108,09:31:18,393.6,300,112450
20240108,09:33:21,403.2,150,113350
20240108,09:33:58,410.0,50,113350
20240108,09:35:47,415.0,1000,113300
20240108,09:36:13,420.2,50,113300
20240108,09:36:23,420.2,500,113300
20240108,09:36:25,420.65,200,113300
20240108,09:37:17,415.0,1000,113300
20240108,09:37:58,423.25,150,113300
20240108,09:39:42,434.5,50,113850
20240108,09:40:07,434.5,50,113850
20240108,09:40:21,434.55,50,113850
20240108,09:40:23,434.6,50,113850
20240108,09:40:54,443.9,100,113850
20240108,09:40:55,445.0,100,113850
20240108,09:41:07,445.0,1800,113850
20240108,09:41:10,441.1,100,113850
20240108,09:45:10,443.55,150,111950
20240108,09:45:26,448.5,50,111950
20240108,09:46:02,451.1,100,111950
20240108,09:48:41,452.45,50,111700
20240108,09:49:50,459.55,100,111700
20240108,09:50:45,459.55,100,111650
20240108,09:51:54,440.7,750,111650
20240108,09:52:52,435.6,200,111650
20240108,09:53:24,443.2,100,111650
20240108,09:53:29,443.9,150,110800
20240108,09:54:27,433.85,50,110800
20240108,09:55:04,432.9,300,110800
20240108,09:56:57,427.75,50,110550
20240108,10:01:17,428.95,50,110550
20240108,10:01:49,424.1,50,110550
20240108,10:02:09,419.4,400,110550
20240108,10:02:12,419.95,50,110550
20240108,10:05:04,425.65,150,110850
20240108,10:05:32,430.3,150,110850
20240108,10:05:56,429.0,100,110850
20240108,10:06:35,434.85,150,110850
20240108,10:07:33,430.45,50,110850
20240108,10:13:14,421.9,50,110450
20240108,10:18:32,420.25,50,110500
20240108,10:19:36,431.6,150,110500
20240108,10:24:03,418.0,50,110500
20240108,10:31:00,402.55,100,110300
20240108,10:31:38,402.15,200,110300
20240108,10:32:43,400.0,100,110300
20240108,10:32:51,397.0,200,110200
20240108,10:32:58,400.05,150,110200
20240108,10:34:13,387.25,100,110200
20240108,10:34:18,387.95,50,110200
20240108,10:35:04,387.1,50,110200
20240108,10:35:19,382.0,50,110200
20240108,10:37:33,388.0,100,110050
20240108,10:38:23,388.7,300,110050
20240108,10:40:00,396.5,1000,110050
20240108,10:40:12,399.8,1000,110050
20240108,10:40:14,398.6,50,110050
20240108,10:40:32,400.05,50,110050
20240108,10:40:34,400.05,150,110050
20240108,10:40:50,399.0,50,110050
20240108,10:41:11,399.65,50,110050
20240108,10:41:58,412.65,100,109700
20240108,10:42:03,415.7,100,109700
20240108,10:42:04,415.55,50,109700
20240108,10:42:06,415.55,250,109700
20240108,10:46:27,427.85,450,109400
20240108,10:51:08,438.55,150,108950
20240108,10:52:13,445.0,100,108950
20240108,10:53:04,446.2,50,108950
20240108,10:53:55,452.45,50,108800
20240108,10:55:05,457.8,150,108800
20240108,10:55:20,460.0,1800,108800
20240108,10:55:23,461.15,1800,108800
20240108,10:55:25,462.25,1800,108800
20240108,10:55:30,462.4,1800,108800
20240108,10:55:31,464.0,1850,108800
20240108,10:55:39,460.2,1250,108800
20240108,10:55:52,458.8,50,108800
20240108,10:56:20,457.35,7200,108800
20240108,10:56:21,459.5,2800,108800
20240108,10:56:24,463.4,100,108800
20240108,10:57:55,463.2,50,93300
20240108,10:58:53,460.85,50,93300
20240108,10:58:57,462.2,150,93300
20240108,10:59:47,468.0,50,93200
20240108,10:59:49,469.25,50,93200
20240108,10:59:57,470.0,50,93200
20240108,11:00:26,470.0,800,93200
20240108,11:06:10,465.2,100,93300
20240108,11:06:30,471.55,50,93300
20240108,11:06:34,472.8,50,93300
20240108,11:06:45,478.0,1000,93300
20240108,11:06:52,480.0,10000,93300
20240108,11:07:21,486.6,1800,93300
20240108,11:07:23,487.5,1800,93300
20240108,11:07:26,490.55,1800,93300
20240108,11:07:30,489.5,1800,93300
20240108,11:07:31,489.1,1800,93300
20240108,11:07:38,492.8,200,93300
20240108,11:07:41,492.8,1000,93300
20240108,11:07:43,495.0,150,93300
20240108,11:07:53,497.7,350,93300
20240108,11:08:00,497.7,9000,93300
20240108,11:08:01,495.5,1000,93300
20240108,11:08:57,483.05,50,74350
20240108,11:10:02,486.25,50,74350
20240108,11:11:34,496.4,800,74350
20240108,11:12:19,500.0,400,73600
20240108,11:13:27,495.2,7200,73600
20240108,11:13:29,495.2,1000,73600
20240108,11:13:31,495.2,1350,73600
20240108,11:13:46,488.0,450,73600
20240108,11:15:33,488.65,50,73500
20240108,11:17:03,493.8,50,73500
20240108,11:17:26,488.65,50,73500
20240108,11:18:03,485.0,50,73500
20240108,11:18:13,480.05,50,73500
20240108,11:19:29,479.75,1000,73500
20240108,11:20:33,480.5,50,73500
20240108,11:20:40,478.4,200,73500
20240108,11:25:42,473.25,100,73550
20240108,11:30:40,472.25,50,73550
20240108,11:31:55,480.0,100,73550
20240108,11:32:24,475.1,50,73550
20240108,11:35:04,467.95,150,73550
20240108,11:47:00,463.5,250,73550
20240108,11:47:12,464.1,150,73550
20240108,11:50:02,462.15,300,73550
20240108,11:51:25,478.0,100,73550
20240108,11:51:52,483.4,50,73550
20240108,11:52:56,492.45,50,73550
20240108,11:52:58,493.05,50,73550
20240108,11:53:01,493.85,250,73550
20240108,11:53:04,493.5,100,73550
20240108,11:53:27,497.5,100,73550
20240108,11:53:31,500.0,10550,73550
20240108,11:53:36,501.8,50,73550
20240108,11:53:37,505.0,50,73550
20240108,11:53:39,505.0,50,73550
20240108,11:53:55,501.65,450,73500
20240108,11:53:59,501.9,700,73500
20240108,11:54:03,501.9,50,73500
20240108,11:54:05,503.3,50,73500
20240108,11:54:10,507.1,5500,73500
20240108,11:54:12,508.2,5200,73500
20240108,11:54:43,521.95,50,73500
20240108,11:55:05,521.95,50,73500
20240108,11:55:10,515.9,500,73500
20240108,11:55:27,522.55,50,73500
20240108,11:56:04,522.55,50,73500
20240108,11:57:33,525.0,50,73300
20240108,11:57:54,533.35,50,73300
20240108,11:57:58,537.15,850,73300
20240108,11:57:59,538.65,600,73300
20240108,11:58:01,538.65,750,73300
20240108,11:58:04,539.15,200,73300
20240108,11:58:06,540.35,100,73300
20240108,11:58:41,541.8,50,73300
20240108,11:58:49,546.0,100,73300
20240108,11:59:32,546.0,50,73300
20240108,11:59:52,541.85,50,73350
20240108,12:00:01,537.75,450,73350
20240108,12:00:03,539.9,200,73350
20240108,12:02:24,525.0,50,73350
20240108,12:03:00,526.9,450,73350
20240108,12:04:10,521.5,200,73350
20240108,12:04:17,518.7,50,73350
20240108,12:05:20,525.15,50,73350
20240108,12:07:39,515.2,150,73350
20240108,12:09:44,515.9,150,73350
20240108,12:11:00,523.0,1800,73350
20240108,12:11:03,520.85,1800,73350
20240108,12:11:05,520.0,1800,73350
20240108,12:11:08,520.0,1800,73350
20240108,12:11:18,520.0,600,73350
20240108,12:12:24,514.95,50,73350
20240108,12:13:25,512.0,1000,73350
20240108,12:13:27,511.75,250,73350
20240108,12:13:42,513.3,300,73350
20240108,12:16:11,501.8,200,72150
20240108,12:16:24,506.95,5000,72150
20240108,12:16:54,506.1,400,72150
20240108,12:17:18,501.2,3750,72150
20240108,12:17:20,501.3,2700,72150
20240108,12:20:01,506.8,200,73350
20240108,12:23:28,516.6,7200,73350
20240108,12:23:29,516.1,2800,73350
20240108,12:27:51,513.1,200,73350
20240108,12:30:01,512.4,200,73350
20240108,12:32:10,497.5,50,73350
20240108,12:33:27,480.0,50,73350
20240108,12:35:01,482.95,200,73350
20240108,12:35:27,482.5,500,73350
20240108,12:36:01,486.25,100,73350
20240108,12:37:12,487.7,50,73350
20240108,12:37:37,486.1,50,73350
20240108,12:38:00,485.0,50,73350
20240108,12:42:56,484.9,150,73400
20240108,12:47:23,498.4,150,73400
20240108,12:49:03,486.05,200,73400
20240108,12:49:06,485.0,50,73400
20240108,12:50:36,510.15,50,73400
20240108,13:02:51,505.45,50,73400
20240108,13:06:05,509.6,50,73400
20240108,13:11:14,509.8,50,73400
20240108,13:15:04,507.25,100,73400
20240108,13:20:13,496.2,50,73400
20240108,13:26:04,495.05,50,73400
20240108,13:26:48,487.8,50,73400
20240108,13:30:14,500.75,50,73450
20240108,13:33:14,505.4,150,73400
20240108,13:35:19,509.9,50,73400
20240108,13:57:45,504.7,100,73400
20240108,13:57:47,504.7,100,73400
20240108,13:59:41,490.05,50,73400
20240108,14:02:21,487.45,50,73400
20240108,14:03:40,480.0,50,73400
20240108,14:03:44,477.75,200,73400
20240108,14:11:57,485.15,50,73400
20240108,14:12:45,488.55,50,73400
20240108,14:17:16,485.0,50,73400
20240108,14:18:32,483.65,100,73400
20240108,14:19:28,485.35,50,73400
20240108,14:23:06,493.5,100,73450
20240108,14:25:51,508.95,200,73450
20240108,14:28:12,509.6,200,73450
20240108,14:29:51,526.0,1000,73450
20240108,14:30:04,520.1,200,73450
20240108,14:30:17,519.0,100,73500
20240108,14:31:27,526.4,100,73500
20240108,14:31:55,531.35,100,73500
20240108,14:34:14,546.7,150,73450
20240108,14:36:31,546.7,50,73450
20240108,14:37:01,539.7,100,73450
20240108,14:37:28,533.35,50,73450
20240108,14:37:37,539.0,450,73450
20240108,14:38:20,551.6,100,73450
20240108,14:39:10,555.05,50,73450
20240108,14:40:03,555.05,50,73900
20240108,14:42:06,546.0,200,73900
20240108,14:42:13,544.4,50,73900
20240108,14:42:56,548.0,50,73900
20240108,14:43:16,547.4,100,73900
20240108,14:49:52,540.0,200,73900
20240108,14:50:02,538.0,50,73900
20240108,14:50:32,541.95,50,73900
20240108,14:52:40,537.6,350,73900
20240108,14:54:56,545.0,50,73900
20240108,15:00:45,543.2,50,73900
20240108,15:00:51,541.8,100,73900
20240108,15:02:24,544.6,50,73900
20240108,15:02:34,550.9,100,73900
20240108,15:02:44,553.0,100,73900
20240108,15:04:03,562.6,200,73900
20240108,15:06:32,565.5,150,73900
20240108,15:08:04,565.5,50,73900
20240108,15:08:11,549.5,150,73900
20240108,15:08:22,551.65,50,73900
20240108,15:12:50,565.5,50,73800
20240108,15:16:22,569.95,150,73800
20240108,15:18:25,580.05,50,73800
20240108,15:19:32,580.05,100,73800
20240108,15:19:43,574.85,50,73800
20240108,15:24:12,572.9,1100,73850
20240108,15:25:31,576.1,500,73850
20240108,15:25:39,575.95,600,73850
20240108,15:26:02,576.5,150,73850
20240108,15:26:04,576.5,100,73850
20240108,15:26:17,575.9,50,73850
20240108,15:26:19,575.85,250,73850
20240108,15:26:20,575.6,100,73850
20240108,15:26:25,575.15,200,73850
20240108,15:26:27,575.2,450,73850
20240108,15:26:57,576.25,350,73850
20240108,15:27:18,578.3,500,73600
20240108,15:28:34,580.4,350,73600
20240108,15:28:36,580.6,100,73600
20240108,15:28:46,580.6,300,73600
20240108,15:28:47,578.75,200,73600
20240108,15:29:07,578.95,500,73600
20240108,15:29:32,577.85,50,73600
20240108,15:29:33,577.75,150,73600
20240109,09:15:42,450.05,1,73150
20240109,09:15:42,450.0,150,73150
20240109,09:16:06,451.05,350,73150
20240109,09:17:06,438.35,100,73150
20240109,09:18:01,438.35,150,73050
20240109,09:25:37,430.4,50,73050
20240109,09:28:49,423.5,600,73000
20240109,09:29:31,423.0,700,73000
20240109,09:30:11,423.0,250,73000
20240109,09:30:37,431.05,100,73000
20240109,09:35:47,436.55,50,73000
20240109,09:36:24,441.6,50,73000
20240109,09:37:07,451.95,50,73000
20240109,09:37:15,453.25,450,73000
20240109,09:40:22,453.0,1500,73000
20240109,09:41:29,457.0,1500,73000
20240109,09:42:05,459.65,600,73000
20240109,09:42:35,460.9,50,73000
20240109,09:42:36,460.9,50,73000
20240109,09:44:16,470.4,50,73000
20240109,09:44:58,472.3,50,73000
20240109,09:46:19,472.3,50,73600
20240109,09:47:00,465.4,250,73600
20240109,09:48:51,464.3,50,73600
20240109,09:50:24,457.6,550,73600
20240109,10:14:22,436.5,50,73100
20240109,10:14:52,436.7,50,73100
20240109,10:15:08,432.85,150,73100
20240109,10:15:50,434.45,250,73100
20240109,10:16:05,433.7,150,73100
20240109,10:16:24,437.05,300,73100
20240109,10:16:36,437.1,150,73100
20240109,10:17:10,440.65,350,73100
20240109,10:17:25,438.3,300,73100
20240109,10:18:53,430.0,300,73400
20240109,10:19:18,427.65,150,73400
20240109,10:19:38,427.8,250,73400
20240109,10:19:57,423.3,150,73400
20240109,10:20:03,420.0,50,73400
20240109,10:20:14,414.75,50,73400
20240109,10:22:47,407.3,50,73550
20240109,10:23:34,402.15,50,73550
20240109,10:24:36,402.15,50,73650
20240109,10:27:58,417.45,200,73650
20240109,10:28:18,418.95,50,73650
20240109,10:30:02,415.85,200,73650
20240109,10:31:26,410.55,50,73650
20240109,10:33:03,417.45,50,73650
20240109,10:36:37,407.4,50,73650
20240109,10:37:24,410.35,50,73650
20240109,10:37:27,411.4,50,73650
20240109,10:41:09,405.0,50,73700
20240109,10:42:54,400.0,100,73700
20240109,10:50:52,399.3,400,73700
20240109,10:53:37,398.35,50,73700
20240109,10:55:56,398.35,50,74150
20240109,10:57:14,403.1,50,74150
20240109,11:02:58,405.95,50,74200
20240109,11:05:28,405.0,50,74200
20240109,11:05:37,403.3,300,74200
20240109,11:06:08,401.5,1000,74500
20240109,11:06:56,400.0,50,74500
20240109,11:10:05,390.5,300,74500
20240109,11:10:17,389.7,250,74500
20240109,11:10:29,389.7,250,74500
20240109,11:14:38,398.0,50,74500
20240109,11:15:15,398.0,50,74550
20240109,11:15:27,399.9,50,74550
20240109,11:16:02,396.55,50,74550
20240109,11:18:15,400.35,50,74500
20240109,11:19:42,405.0,150,74500
20240109,11:20:49,410.0,50,74550
20240109,11:22:51,403.8,50,74550
20240109,11:26:51,405.6,500,74600
20240109,11:26:54,405.3,500,74600
20240109,11:26:56,404.8,1500,74600
20240109,11:26:57,405.75,500,74600
20240109,11:26:59,405.75,500,74600
20240109,11:27:06,405.55,500,74600
20240109,11:27:15,405.5,1500,74600
20240109,11:27:17,406.25,500,74600
20240109,11:27:46,407.25,500,74600
20240109,11:32:22,396.0,50,68950
20240109,11:33:57,389.0,50,68950
20240109,11:35:51,389.0,50,68900
20240109,11:36:07,391.05,150,68900
20240109,11:36:43,394.0,150,68900
20240109,11:36:51,391.95,50,68900
20240109,11:37:00,393.4,50,68900
20240109,11:37:07,393.95,200,68900
20240109,11:37:26,393.35,150,68900
20240109,11:43:15,392.15,50,68600
20240109,11:46:25,388.0,150,68600
20240109,11:46:57,383.0,50,68600
20240109,11:47:19,383.0,50,68600
20240109,11:47:27,383.0,150,68600
20240109,11:50:08,384.95,150,68550
20240109,11:51:39,391.0,150,68550
20240109,11:52:13,392.05,100,68550
20240109,11:52:17,394.0,150,68550
20240109,11:55:31,398.95,50,68550
20240109,11:59:49,392.7,100,68650
20240109,12:00:52,395.95,50,68550
20240109,12:01:08,397.9,50,68550
20240109,12:02:07,392.0,200,68550
20240109,12:05:08,393.95,50,68450
20240109,12:05:25,393.0,50,68450
20240109,12:05:27,392.8,50,68450
20240109,12:05:32,394.0,250,68450
20240109,12:05:40,394.0,400,68450
20240109,12:05:53,394.0,350,68950
20240109,12:13:37,403.0,100,69300
20240109,12:24:10,388.0,50,69300
20240109,12:26:20,383.95,50,69300
20240109,12:29:17,385.35,50,69300
20240109,12:29:22,384.7,50,69300
20240109,12:31:41,392.05,50,69300
20240109,12:38:41,378.0,50,69250
20240109,12:38:58,374.4,150,69250
20240109,12:39:19,374.4,50,69250
20240109,12:42:14,393.0,50,69200
20240109,12:44:39,393.05,50,69200
20240109,12:59:02,384.55,50,69250
20240109,13:00:00,389.0,50,69250
20240109,13:13:29,387.0,100,69250
20240109,13:19:40,389.5,50,69250
20240109,13:23:37,392.0,50,69300
20240109,13:24:01,398.15,250,69300
20240109,13:24:03,398.15,400,69300
20240109,13:26:11,389.0,100,69300
20240109,13:33:48,393.3,50,69300
20240109,13:36:24,395.0,50,69300
20240109,13:39:29,401.25,150,69300
20240109,13:41:26,398.2,50,69300
20240109,13:47:57,398.4,150,69250
20240109,13:56:21,410.0,50,69250
20240109,13:59:16,415.0,100,69250
20240109,13:59:49,410.0,50,69250
20240109,14:00:06,414.35,150,69250
20240109,14:01:53,410.0,50,69250
20240109,14:01:55,409.45,100,69250
20240109,14:03:32,412.0,50,69350
20240109,14:04:46,406.0,50,69350
20240109,14:08:05,422.95,50,69350
20240109,14:08:46,422.95,50,69350
20240109,14:08:54,426.0,50,69350
20240109,14:12:29,439.0,150,69350
20240109,14:15:30,437.4,50,69250
20240109,14:17:05,446.0,50,69250
20240109,14:17:10,448.2,50,69250
20240109,14:17:29,450.0,100,69250
20240109,14:24:10,483.0,50,69250
20240109,14:29:37,516.95,50,69250
20240109,14:29:46,516.95,100,69250
20240109,14:29:56,515.85,50,69250
20240109,14:30:04,516.5,300,69250
20240109,14:30:12,507.85,200,69150
20240109,14:30:52,518.55,150,69150
20240109,14:31:12,518.55,1000,69150
20240109,14:37:19,508.45,50,69150
20240109,14:37:52,511.2,50,69150
20240109,14:42:40,530.0,50,69150
20240109,15:21:40,548.85,1000,69200
20240109,15:25:14,548.85,50,69200
20240109,15:27:29,523.4,500,69200
20240109,15:29:39,526.3,50,69200
20240110,09:15:26,563.0,1,69200
20240110,09:15:26,562.95,150,69200
20240110,09:16:04,552.25,750,69200
20240110,09:16:38,543.5,50,69200
20240110,09:22:41,543.5,50,69250
20240110,09:25:10,567.7,150,69250
20240110,09:25:21,568.05,150,69250
20240110,09:31:06,599.9,100,69200
20240110,09:32:03,604.9,50,69200
20240110,09:33:20,604.9,50,69250
20240110,09:34:35,575.0,50,69250
20240110,09:35:22,576.0,250,69250
20240110,09:39:50,581.6,50,69250
20240110,09:42:22,573.35,50,69250
20240110,09:43:40,556.6,50,69250
20240110,09:44:03,547.15,650,69250
20240110,09:44:51,536.0,50,69250
20240110,09:47:03,536.0,50,69250
20240110,09:49:52,546.85,50,69250
20240110,09:56:11,552.7,50,69300
20240110,09:56:40,551.5,50,69250
20240110,10:04:41,575.15,50,69300
20240110,10:12:39,559.05,150,69300
20240110,10:18:04,530.5,100,69300
20240110,10:18:55,528.85,50,69300
20240110,10:18:57,525.0,50,69300
20240110,10:19:40,523.4,50,69300
20240110,10:19:46,523.4,50,69300
20240110,10:20:07,523.8,50,69300
20240110,10:23:43,551.3,50,69250
20240110,10:30:00,562.0,500,69250
20240110,10:32:48,552.0,500,69250
20240110,10:32:50,552.7,50,69250
20240110,10:37:07,542.15,50,69300
20240110,10:38:57,546.0,3750,69350
20240110,10:38:58,544.0,1250,69350
20240110,10:39:00,546.15,3750,69350
20240110,10:39:01,546.25,1250,69350
20240110,10:39:09,540.0,3750,69350
20240110,10:39:11,541.4,1250,69350
20240110,10:39:16,541.0,3750,69350
20240110,10:39:18,542.9,1250,69350
20240110,10:39:21,542.85,3750,69350
20240110,10:39:23,543.0,1250,69350
20240110,10:39:28,542.0,3750,69350
20240110,10:39:29,541.0,1250,69350
20240110,10:39:33,539.0,3750,69350
20240110,10:39:34,538.0,1250,69350
20240110,10:39:39,539.95,3750,69350
20240110,10:39:41,539.0,1250,69350
20240110,10:42:34,557.7,500,36150
20240110,10:42:40,562.2,500,36150
20240110,10:43:17,558.25,500,36150
20240110,10:43:20,557.7,500,36150
20240110,10:43:40,553.1,500,36150
20240110,10:43:58,553.7,500,36150
20240110,10:44:02,552.1,500,36150
20240110,10:45:44,557.1,50,34100
20240110,10:48:18,568.0,650,34050
20240110,10:48:31,568.0,350,34050
20240110,10:49:52,576.7,50,34050
20240110,10:51:40,567.8,50,33700
20240110,10:56:38,557.3,50,33650
20240110,10:58:40,569.35,50,33600
20240110,10:58:42,568.75,50,33600
20240110,11:10:09,573.95,50,33600
20240110,11:10:24,569.95,50,33550
20240110,11:10:41,567.25,650,33550
20240110,11:14:30,550.3,100,33650
20240110,11:17:28,556.4,1000,33550
20240110,11:18:31,553.9,50,33650
20240110,11:20:19,554.75,50,33650
20240110,11:22:10,545.6,150,33600
20240110,11:23:38,543.95,150,33600
20240110,11:25:08,543.95,50,33450
20240110,11:27:00,540.8,100,33500
20240110,11:31:34,544.0,50,33500
20240110,11:32:48,547.5,150,33500
20240110,11:41:06,538.85,100,33500
20240110,11:41:45,531.35,100,33500
20240110,12:06:17,577.95,50,33450
20240110,12:06:20,580.05,50,33450
20240110,12:08:47,577.0,50,33450
20240110,12:34:05,567.3,100,33350
20240110,12:36:25,559.6,400,33300
20240110,12:36:45,554.4,50,33300
20240110,12:43:20,569.95,100,32950
20240110,12:44:46,577.85,50,32950
20240110,12:45:15,592.5,50,32900
20240110,12:45:25,605.35,50,32900
20240110,12:45:33,614.35,300,32900
20240110,12:45:38,614.35,50,32900
20240110,12:47:35,588.75,250,32900
20240110,12:47:39,588.1,50,32900
20240110,12:47:49,573.35,50,32900
20240110,12:48:08,556.0,300,32300
20240110,12:48:10,556.95,50,32300
20240110,12:48:12,557.0,550,32300
20240110,12:48:31,571.7,50,32300
20240110,12:54:49,580.65,100,32100
20240110,12:55:14,580.65,100,32100
20240110,13:01:10,594.0,50,32000
20240110,13:02:32,581.65,50,32000
20240110,13:06:23,576.0,50,31900
20240110,13:12:04,573.7,50,31900
20240110,13:19:39,581.6,50,31900
20240110,13:20:10,580.2,50,31900
20240110,13:21:55,586.7,50,31850
20240110,13:22:50,576.25,50,31850
20240110,13:25:55,585.0,800,31850
20240110,13:30:59,580.8,150,31400
20240110,13:31:15,581.95,50,31400
20240110,13:35:28,596.5,150,31300
20240110,13:38:25,602.0,50,31400
20240110,13:42:03,599.0,50,31350
20240110,13:42:10,599.0,150,31350
20240110,13:43:42,591.0,50,31350
20240110,13:44:57,577.75,50,31350
20240110,13:47:52,581.0,50,31400
20240110,13:49:57,584.2,50,31400
20240110,13:56:09,565.55,50,31400
20240110,13:56:32,560.0,1050,31350
20240110,13:57:11,554.35,50,31350
20240110,14:01:03,536.85,50,30600
20240110,14:05:22,565.85,150,30600
20240110,14:10:04,553.75,50,30600
20240110,14:17:45,528.0,50,30600
20240110,14:19:50,517.0,50,30650
20240110,14:27:07,517.0,50,30650
20240110,14:27:39,558.0,50,30600
20240110,14:35:17,527.75,50,30600
20240110,14:35:30,532.0,50,30600
20240110,14:36:59,517.0,50,30650
20240110,14:39:13,501.7,50,30650
20240110,14:40:22,490.0,150,30600
20240110,14:41:13,490.0,250,30600
20240110,14:42:12,495.95,300,30600
20240110,14:42:27,496.3,150,30400
20240110,14:43:28,492.95,300,30400
20240110,14:44:48,505.1,50,30400
20240110,14:51:58,495.65,50,30400
20240110,14:53:34,491.4,100,30500
20240110,14:55:03,483.0,150,30500
20240110,14:55:57,483.0,250,30500
20240110,14:56:01,488.7,100,30500
20240110,14:56:22,482.05,150,30500
20240110,14:56:59,473.05,50,30500
20240110,14:57:30,472.0,50,30100
20240110,14:57:34,472.0,50,30100
20240110,14:57:52,470.1,350,30100
20240110,14:58:25,470.25,100,30100
20240110,14:58:38,464.75,100,30100
20240110,14:58:44,462.2,200,30100
20240110,14:58:46,461.25,50,30100
20240110,14:58:48,458.9,50,30100
20240110,15:00:21,455.65,150,30100
20240110,15:00:42,449.2,150,30350
20240110,15:00:44,448.65,50,30350
20240110,15:01:04,442.75,150,30350
20240110,15:01:11,440.65,150,30350
20240110,15:01:36,440.65,150,30350
20240110,15:02:26,436.8,550,30350
20240110,15:03:48,430.5,50,29750
20240110,15:04:13,423.15,250,29750
20240110,15:04:35,423.15,50,29750
20240110,15:04:42,421.85,150,29750
20240110,15:04:52,417.6,100,29750
20240110,15:05:02,415.75,150,29750
20240110,15:05:08,415.75,250,29750
20240110,15:05:54,432.9,350,29750
20240110,15:06:26,446.9,50,29750
20240110,15:06:34,448.25,50,29200
20240110,15:06:36,449.75,50,29200
20240110,15:06:43,447.15,150,29200
20240110,15:07:18,455.65,200,29200
20240110,15:07:21,460.8,150,29200
20240110,15:07:44,461.5,250,29200
20240110,15:07:52,457.6,200,29200
20240110,15:08:59,460.2,200,29200
20240110,15:10:07,436.55,250,29600
20240110,15:10:17,436.8,100,29600
20240110,15:10:19,437.55,50,29600
20240110,15:10:34,441.0,500,29600
20240110,15:10:57,454.4,50,29600
20240110,15:12:05,445.45,50,29600
20240110,15:13:16,448.55,150,29650
20240110,15:18:24,443.3,100,29500
20240110,15:20:10,439.0,100,29500
20240110,15:23:01,436.8,100,29450
20240110,15:23:58,434.2,150,29450
20240110,15:25:03,432.85,100,29250
20240110,15:26:48,430.0,50,29250
20240110,15:26:49,430.0,150,29250
20240110,15:26:51,430.0,300,29250
20240110,15:27:04,428.55,50,29250
20240110,15:27:31,429.4,250,29250
20240110,15:27:33,429.4,150,29250
20240110,15:27:41,430.25,100,29250
20240110,15:27:50,431.1,100,29250
20240110,15:27:52,431.1,100,29250
20240110,15:28:36,430.5,150,29250
20240110,15:28:50,429.9,150,29250
20240110,15:28:51,429.85,200,29250
20240110,15:28:55,429.25,150,29250
20240110,15:28:56,429.2,50,29250
20240110,15:29:08,427.9,100,29250
20240110,15:29:13,427.75,100,29250
20240110,15:29:15,429.6,800,29250
20240110,15:29:16,428.75,500,29250
20240110,15:29:18,427.2,450,29250
20240110,15:29:20,427.35,550,29250
20240110,15:29:21,427.2,500,29250
20240110,15:29:23,429.1,150,29250
20240110,15:29:24,428.95,250,29250
20240110,15:29:26,426.75,200,29250
20240110,15:29:28,428.9,200,29250
20240110,15:29:51,428.9,50,29250
20240111,09:15:12,387.4,1,29450
20240111,09:15:12,387.4,50,29450
20240111,09:15:20,391.1,50,29450
20240111,09:15:40,393.0,50,29450
20240111,09:15:55,398.95,50,29450
20240111,09:15:57,398.95,350,29450
20240111,09:15:58,395.05,200,29450
20240111,09:16:00,397.35,450,29450
20240111,09:16:01,396.65,250,29450
20240111,09:16:03,395.55,400,29450
20240111,09:16:04,397.45,50,29450
20240111,09:16:06,396.75,100,29450
20240111,09:16:08,394.6,100,29450
20240111,09:16:09,394.05,100,29450
20240111,09:16:11,395.05,200,29450
20240111,09:16:12,397.4,250,29450
20240111,09:16:14,396.15,550,29450
20240111,09:16:15,398.25,400,29450
20240111,09:16:17,394.75,400,29450
20240111,09:16:18,397.4,500,29450
20240111,09:16:20,395.3,200,29450
20240111,09:16:21,396.95,150,29450
20240111,09:16:23,395.4,400,29450
20240111,09:16:24,394.55,100,29450
20240111,09:16:26,393.65,200,29450
20240111,09:16:27,394.35,100,29450
20240111,09:16:29,395.65,50,29450
20240111,09:16:30,393.85,200,29450
20240111,09:16:32,394.8,400,29450
20240111,09:16:33,396.55,250,29450
20240111,09:16:44,397.3,50,29450
20240111,09:16:56,395.5,200,29450
20240111,09:17:02,396.8,500,29450
20240111,09:17:23,399.6,50,29450
20240111,09:17:29,399.65,150,29750
20240111,09:17:31,399.45,100,29750
20240111,09:17:32,399.85,50,29750
20240111,09:17:34,399.85,50,29750
20240111,09:17:35,399.45,100,29750
20240111,09:17:36,398.0,50,29750
20240111,09:17:38,398.9,150,29750
20240111,09:17:39,398.35,100,29750
20240111,09:17:41,397.05,100,29750
20240111,09:17:42,397.0,200,29750
20240111,09:17:44,397.8,200,29750
20240111,09:17:45,397.0,300,29750
20240111,09:17:47,397.1,100,29750
20240111,09:17:48,397.0,200,29750
20240111,09:17:50,397.75,150,29750
20240111,09:17:51,397.0,50,29750
20240111,09:18:50,397.4,100,29750
20240111,09:18:52,395.2,50,29750
20240111,09:18:53,396.45,50,29750
20240111,09:18:55,395.7,200,29750
20240111,09:18:57,396.95,200,29750
20240111,09:18:58,395.25,150,29750
20240111,09:19:00,396.75,50,29750
20240111,09:19:08,396.0,200,29750
20240111,09:19:15,393.0,50,29750
20240111,09:19:25,395.3,100,29750
20240111,09:20:23,393.45,300,29750
20240111,09:20:25,392.85,100,29750
20240111,09:20:51,394.55,100,29650
20240111,09:20:58,394.5,300,29650
20240111,09:21:01,394.15,200,29650
20240111,09:21:08,398.0,50,29650
20240111,09:22:05,394.7,50,29650
20240111,09:22:38,394.55,100,29650
20240111,09:23:59,394.85,100,29800
20240111,09:24:39,398.85,100,29800
20240111,09:24:45,398.0,50,29800
20240111,09:24:50,398.0,450,29800
20240111,09:24:59,400.0,50,29800
20240111,09:25:20,400.0,50,29800
20240111,09:25:59,400.15,50,29800
20240111,09:26:05,400.15,50,29800
20240111,09:26:09,398.15,50,29800
20240111,09:26:35,392.0,50,30100
20240111,09:26:40,388.65,50,30100
20240111,09:27:02,396.0,500,30100
20240111,09:27:12,404.8,100,30100
20240111,09:27:44,404.8,50,30100
20240111,09:28:05,394.95,500,30100
20240111,09:28:35,391.3,300,30100
20240111,09:28:40,392.95,50,30100
20240111,09:29:00,392.95,50,30100
20240111,09:30:25,394.6,50,30700
20240111,09:31:14,402.35,50,30700
20240111,09:31:19,398.9,50,30700
20240111,09:31:21,399.05,100,30700
20240111,09:31:24,396.6,350,30700
20240111,09:32:10,402.0,1000,30700
20240111,09:32:15,405.0,900,30700
20240111,09:32:30,405.3,50,30700
20240111,09:33:20,410.3,150,31850
20240111,09:34:02,416.6,200,31850
20240111,09:34:53,416.6,50,31850
20240111,09:35:49,403.0,50,31850
20240111,09:35:51,403.0,100,31850
20240111,09:36:31,405.2,50,31850
20240111,09:36:38,406.0,850,31850
20240111,09:39:39,410.65,50,32700
20240111,09:39:41,411.6,50,32700
20240111,09:41:16,413.1,50,32700
20240111,09:41:30,413.0,400,32700
20240111,09:42:08,423.5,50,32400
20240111,09:42:10,426.0,150,32400
20240111,09:42:11,427.0,50,32400
20240111,09:42:13,427.0,150,32400
20240111,09:42:15,426.0,50,32400
20240111,09:42:32,425.05,50,32400
20240111,09:42:47,425.9,50,32400
20240111,09:42:54,424.2,50,32400
20240111,09:43:07,423.9,150,32400
20240111,09:43:09,420.35,200,32400
20240111,09:43:17,417.1,50,32400
20240111,09:43:44,415.55,50,32400
20240111,09:44:54,422.5,50,32450
20240111,09:45:06,421.1,50,32450
20240111,09:45:08,423.45,50,32450
20240111,09:46:21,420.35,50,32450
20240111,09:47:30,420.0,50,32450
20240111,09:50:17,420.0,50,32500
20240111,09:54:15,428.4,50,32500
20240111,09:55:00,430.0,50,32500
20240111,09:55:15,430.0,50,32500
20240111,09:55:18,428.4,200,32500
20240111,09:56:00,427.05,50,32500
20240111,10:04:27,437.7,50,32550
20240111,10:07:53,437.7,50,32550
20240111,10:09:07,429.65,50,32600
20240111,10:12:39,438.0,50,32600
20240111,10:14:32,438.0,50,32600
20240111,10:14:56,427.75,50,32500
20240111,10:19:15,435.05,50,32500
20240111,10:20:16,444.0,100,32500
20240111,10:20:46,444.0,50,32650
20240111,10:20:59,443.0,50,32650
20240111,10:21:13,443.0,50,32650
20240111,10:25:03,439.0,50,32600
20240111,10:26:51,435.55,50,32600
20240111,10:27:47,438.1,50,32600
20240111,10:30:11,437.7,50,32700
20240111,10:30:31,443.8,50,32700
20240111,10:30:43,443.0,50,32700
20240111,10:31:04,445.35,100,32700
20240111,10:31:27,450.0,1050,32700
20240111,10:32:13,454.0,50,32700
20240111,10:35:14,454.0,200,32650
20240111,10:35:30,434.15,50,32650
20240111,10:35:38,435.5,250,32650
20240111,10:36:45,435.75,50,32650
20240111,10:36:50,435.5,50,32550
20240111,10:38:30,431.0,50,32550
20240111,10:44:09,440.35,300,32550
20240111,10:46:53,443.0,50,32600
20240111,10:47:27,442.75,50,32600
20240111,10:47:49,447.2,150,32600
20240111,10:48:05,447.05,50,32600
20240111,10:48:31,444.1,50,32600
20240111,10:48:39,444.5,50,32600
20240111,10:48:54,444.1,50,32600
20240111,10:52:10,447.45,200,32650
20240111,10:53:11,447.0,800,32650
20240111,10:54:51,456.0,100,32650
20240111,10:54:53,457.55,50,31950
20240111,10:55:28,460.2,100,31950
20240111,10:55:36,460.2,150,31950
20240111,11:04:23,452.35,500,31850
20240111,11:04:31,453.0,500,31850
20240111,11:04:49,450.6,100,31850
20240111,11:05:07,449.2,50,31850
20240111,11:06:23,452.55,100,31950
20240111,11:08:49,452.95,50,32000
20240111,11:09:11,452.95,50,32000
20240111,11:10:55,454.4,50,32000
20240111,11:11:00,456.15,50,32000
20240111,11:11:14,456.5,500,32000
20240111,11:16:38,450.0,50,32400
20240111,11:18:15,448.1,100,32400
20240111,11:18:23,447.0,400,32400
20240111,11:19:02,447.0,50,32400
20240111,11:20:45,448.95,400,32400
20240111,11:22:43,452.3,500,32250
20240111,11:23:39,451.0,50,32250
20240111,11:24:56,452.35,50,31950
20240111,11:35:35,453.0,50,31900
20240111,11:37:06,454.95,100,31900
20240111,11:39:17,453.55,50,31850
20240111,11:47:30,443.9,300,31850
20240111,11:48:00,444.9,50,31850
20240111,11:48:56,446.4,200,31750
20240111,11:50:08,445.45,200,31750
20240111,11:51:32,446.0,50,31750
20240111,11:53:52,442.0,50,31750
20240111,11:54:34,440.35,100,31750
20240111,11:56:26,443.0,50,31750
20240111,11:57:51,443.6,50,31750
20240111,11:58:27,441.75,750,31750
20240111,12:09:56,441.5,50,31750
20240111,12:12:16,444.35,50,32450
20240111,12:14:55,449.0,50,32450
20240111,12:16:41,454.0,50,32500
20240111,12:17:10,449.45,100,32500
20240111,12:19:25,446.0,50,32500
20240111,12:20:04,444.0,750,32500
20240111,12:22:12,443.0,100,32450
20240111,12:22:15,443.0,250,32450
20240111,12:22:25,443.0,50,32450
20240111,12:24:37,441.25,50,32450
20240111,12:25:35,442.5,250,32450
20240111,12:26:51,441.25,100,32450
20240111,12:27:43,441.3,100,32750
20240111,12:28:04,440.5,350,32750
20240111,12:31:32,436.0,50,32600
20240111,12:36:27,436.0,500,32600
20240111,12:37:43,432.0,900,32600
20240111,12:41:31,432.25,100,33400
20240111,12:42:03,435.0,900,33350
20240111,12:47:00,438.0,900,33600
20240111,12:49:31,435.5,250,32700
20240111,12:53:50,429.0,50,32950
20240111,13:00:58,425.2,100,32950
20240111,13:01:29,422.65,50,32950
20240111,13:03:26,436.85,50,33000
20240111,13:04:30,434.4,50,33000
20240111,13:04:48,432.65,100,33000
20240111,13:05:51,431.0,50,33000
20240111,13:06:27,428.95,50,33050
20240111,13:06:46,431.45,250,33050
20240111,13:08:06,429.0,50,33050
20240111,13:10:25,427.85,50,33100
20240111,13:23:07,423.9,50,33100
20240111,13:23:50,430.0,250,33100
20240111,13:25:18,433.0,900,33100
20240111,13:25:21,433.0,250,33100
20240111,13:26:10,432.95,50,33100
20240111,13:28:42,436.95,450,33750
20240111,13:29:03,436.95,300,33750
20240111,13:29:08,436.95,150,33750
20240111,13:29:35,437.0,50,33750
20240111,13:29:57,438.4,1700,33750
20240111,13:29:58,438.4,100,33750
20240111,13:30:02,440.0,1100,33750
20240111,13:30:17,440.0,50,33350
20240111,13:30:37,441.5,200,33350
20240111,13:32:18,444.95,400,33350
20240111,13:32:29,445.3,200,33350
20240111,13:32:36,446.85,50,33350
20240111,13:32:41,443.5,500,33350
20240111,13:34:02,444.2,50,33050
20240111,13:34:22,444.1,50,33050
20240111,13:34:45,444.1,50,33050
20240111,13:38:12,439.3,50,33050
20240111,13:38:52,439.0,250,33050
20240111,13:55:57,438.15,50,32950
20240111,13:56:49,437.0,50,32950
20240111,13:59:42,436.15,150,32900
20240111,14:09:10,447.2,50,32950
20240111,14:09:38,449.85,50,33000
20240111,14:09:40,450.1,100,33000
20240111,14:09:47,454.0,50,33000
20240111,14:09:48,453.5,100,33000
20240111,14:09:58,459.5,100,33000
20240111,14:10:20,460.5,50,33000
20240111,14:10:29,464.15,100,33000
20240111,14:10:31,467.3,50,33000
20240111,14:10:33,467.3,50,33000
20240111,14:10:57,467.15,50,33000
20240111,14:11:02,469.3,50,33000
20240111,14:11:04,473.5,2400,33000
20240111,14:11:07,475.1,150,33000
20240111,14:11:09,477.9,250,33000
20240111,14:11:11,478.65,250,33000
20240111,14:11:12,478.65,100,33000
20240111,14:11:41,473.0,50,33000
20240111,14:12:15,476.35,200,33100
20240111,14:12:16,475.0,50,33100
20240111,14:12:18,474.6,50,33100
20240111,14:12:29,474.45,50,33100
20240111,14:12:39,470.55,50,33100
20240111,14:13:11,474.5,250,33100
20240111,14:13:27,473.4,50,33100
20240111,14:13:29,480.0,50,33100
20240111,14:13:39,480.0,200,33100
20240111,14:13:46,477.2,200,33100
20240111,14:14:08,484.1,50,33100
20240111,14:14:09,485.0,50,33100
20240111,14:14:11,486.85,100,33100
20240111,14:14:13,488.0,100,33100
20240111,14:14:19,491.85,50,33100
20240111,14:14:21,493.95,50,33100
20240111,14:14:32,495.0,850,33100
20240111,14:14:34,495.0,400,33100
20240111,14:14:39,488.6,400,33100
20240111,14:14:42,484.25,100,33100
20240111,14:14:47,482.5,100,33100
20240111,14:14:50,482.0,100,33100
20240111,14:14:52,483.5,100,33100
20240111,14:15:07,494.35,150,33100
20240111,14:15:09,493.85,150,33100
20240111,14:15:12,495.15,50,33100
20240111,14:15:14,495.15,50,32200
20240111,14:15:17,486.5,50,32200
20240111,14:15:19,490.75,100,32200
20240111,14:15:22,486.65,100,32200
20240111,14:15:24,490.55,50,32200
20240111,14:15:32,487.2,300,32200
20240111,14:15:35,486.85,50,32200
20240111,14:15:42,483.6,50,32200
20240111,14:15:49,482.75,150,32200
20240111,14:15:50,482.95,100,32200
20240111,14:15:57,478.0,50,32200
20240111,14:16:02,479.7,50,32200
20240111,14:16:14,483.0,50,32200
20240111,14:16:20,485.15,300,32200
20240111,14:16:27,489.55,100,32200
20240111,14:16:35,487.5,100,32200
20240111,14:16:39,485.3,600,32200
20240111,14:16:44,484.6,100,32200
20240111,14:16:50,490.25,200,32200
20240111,14:16:54,490.85,100,32200
20240111,14:17:05,489.35,100,32200
20240111,14:17:22,491.05,100,32200
20240111,14:17:25,489.5,200,32200
20240111,14:17:39,493.6,200,32200
20240111,14:17:46,492.0,50,32200
20240111,14:17:47,493.7,200,32200
20240111,14:17:49,491.8,100,32200
20240111,14:17:51,493.7,350,32200
20240111,14:17:54,495.3,100,32200
20240111,14:18:01,502.5,350,32200
20240111,14:18:06,503.0,50,32200
20240111,14:18:27,503.0,150,32650
20240111,14:18:45,494.45,50,32650
20240111,14:18:55,490.2,100,32650
20240111,14:18:57,492.0,550,32650
20240111,14:19:12,493.5,100,32650
20240111,14:19:15,491.55,200,32650
20240111,14:19:38,491.25,100,32650
20240111,14:19:55,489.45,200,32650
20240111,14:20:03,487.45,200,32650
20240111,14:20:09,482.6,400,32650
20240111,14:20:11,485.45,200,32650
20240111,14:20:41,484.55,200,32650
20240111,14:20:59,483.4,250,32650
20240111,14:21:19,482.35,100,32850
20240111,14:21:21,484.75,200,32850
20240111,14:21:51,482.35,100,32850
20240111,14:21:58,481.9,50,32850
20240111,14:21:59,483.9,50,32850
20240111,14:23:09,488.0,100,32850
20240111,14:23:16,483.9,100,32850
20240111,14:23:51,473.9,100,32850
20240111,14:23:54,472.6,100,32850
20240111,14:24:01,477.1,50,32850
20240111,14:24:54,468.05,50,32800
20240111,14:24:59,469.05,100,32800
20240111,14:25:16,470.95,100,32800
20240111,14:25:27,475.75,50,32800
20240111,14:27:41,471.05,100,32750
20240111,14:28:00,461.55,50,32750
20240111,14:28:52,451.0,50,32750
20240111,14:28:54,447.2,150,32750
20240111,14:29:01,442.5,900,32750
20240111,14:29:02,443.8,250,32750
20240111,14:29:04,446.1,150,32750
20240111,14:29:09,446.25,200,32750
20240111,14:29:18,446.75,100,32750
20240111,14:29:19,446.55,100,32750
20240111,14:29:21,446.15,200,32750
20240111,14:30:00,451.2,50,32750
20240111,14:30:13,446.4,400,32750
20240111,14:31:09,448.1,100,32150
20240111,14:32:09,451.7,200,32150
20240111,14:32:40,454.65,400,32150
20240111,14:32:54,455.0,100,32150
20240111,14:34:15,450.0,50,32600
20240111,14:35:05,450.0,50,32600
20240111,14:35:28,453.5,1800,32600
20240111,14:35:32,451.0,50,32600
20240111,14:35:34,450.9,50,32600
20240111,14:36:36,462.7,100,33100
20240111,14:36:50,468.6,450,33100
20240111,14:37:39,464.45,50,33100
20240111,14:37:40,464.0,50,33100
20240111,14:38:17,457.55,100,33100
20240111,14:39:12,457.0,50,33100
20240111,14:39:55,457.25,100,32650
20240111,14:43:19,463.95,200,32550
20240111,14:45:09,456.1,50,32550
20240111,14:45:11,456.1,250,32550
20240111,14:48:52,453.1,50,32350
20240111,14:51:26,445.0,300,32300
20240111,14:51:32,443.75,100,32300
20240111,14:52:22,451.15,350,32300
20240111,14:52:26,448.55,100,32300
20240111,14:53:54,449.9,50,32300
20240111,14:56:00,450.25,50,32000
20240111,14:56:14,450.4,50,32000
20240111,14:56:28,448.05,100,32000
20240111,14:56:53,449.85,50,32000
20240111,14:58:26,445.95,150,32050
20240111,14:59:06,440.4,50,32050
20240111,14:59:12,440.05,500,32050
20240111,14:59:14,442.0,50,32050
20240111,14:59:42,442.5,100,32050
20240111,15:00:38,465.0,50,31800
20240111,15:01:25,472.4,50,31800
20240111,15:05:01,460.2,100,31800
20240111,15:05:30,463.05,50,31800
20240111,15:05:49,462.8,300,31800
20240111,15:06:41,460.0,50,31450
20240111,15:07:16,465.0,500,31450
20240111,15:07:18,466.0,250,31450
20240111,15:08:12,466.0,50,31450
20240111,15:09:54,465.0,50,31700
20240111,15:11:28,464.85,50,31700
20240111,15:12:01,462.0,200,31700
20240111,15:12:43,463.0,1800,31850
20240111,15:13:23,456.0,500,31850
20240111,15:13:57,455.0,100,31850
20240111,15:14:10,461.55,100,31850
20240111,15:15:02,458.0,150,31850
20240111,15:15:23,457.95,150,33400
20240111,15:15:46,457.0,1850,33400
20240111,15:17:17,459.0,50,33400
20240111,15:18:19,454.0,100,33400
20240111,15:19:00,460.45,22850,32700
20240111,15:19:15,455.15,50,32700
20240111,15:19:25,456.3,150,32700
20240111,15:19:41,456.15,50,32700
20240111,15:19:43,456.2,300,32700
20240111,15:19:49,456.4,200,32700
20240111,15:19:51,455.8,300,32700
20240111,15:20:03,455.85,50,32700
20240111,15:20:09,456.0,800,32700
20240111,15:20:21,455.0,50,32700
20240111,15:20:35,454.25,150,32700
20240111,15:20:44,452.1,150,32700
20240111,15:21:02,451.25,200,32700
20240111,15:21:33,455.35,50,47800
20240111,15:21:36,455.45,150,47800
20240111,15:22:01,457.6,100,47800
20240111,15:22:03,457.6,150,47800
20240111,15:22:07,457.55,50,47800
20240111,15:22:08,456.85,50,47800
20240111,15:23:13,452.8,100,47800
20240111,15:25:07,454.0,600,47900
20240111,15:25:35,454.35,50,47900
20240111,15:25:40,453.55,200,47900
20240111,15:26:32,455.05,200,47900
20240111,15:26:55,456.0,150,47900
20240111,15:26:57,455.95,200,47900
20240111,15:27:10,456.75,1050,47900
20240111,15:27:30,458.0,150,47050
20240111,15:27:47,458.4,50,47050
20240111,15:27:48,458.55,250,47050
20240111,15:27:50,458.55,300,47050
20240111,15:28:00,459.3,100,47050
20240111,15:28:05,457.1,50,47050
20240111,15:28:40,456.1,400,47050
20240111,15:28:47,454.8,50,47050
20240111,15:28:57,453.8,50,47050
20240111,15:29:02,454.0,50,47050
20240111,15:29:04,455.05,100,47050
20240111,15:29:12,454.7,200,47050
20240111,15:29:15,454.0,250,47050
20240111,15:29:17,453.35,100,47050
20240111,15:29:20,452.9,100,47050
20240111,15:29:33,452.15,50,47050
20240111,15:29:35,450.75,50,47050
20240111,15:29:43,450.7,50,47050
20240112,09:15:01,397.35,1,45900
20240112,09:15:01,397.35,50,45900
20240112,09:15:02,391.35,50,45900
20240112,09:15:06,391.35,150,45900
20240112,09:15:09,404.1,100,45900
20240112,09:15:11,398.9,50,45900
20240112,09:15:11,403.65,50,45900
20240112,09:15:13,400.6,50,45900
20240112,09:15:14,401.55,50,45900
20240112,09:15:17,407.3,50,45900
20240112,09:15:20,410.15,50,45900
20240112,09:15:21,410.15,250,45900
20240112,09:15:25,409.15,50,45900
20240112,09:15:27,406.95,850,45900
20240112,09:15:29,405.0,50,45900
20240112,09:15:40,395.85,150,45900
20240112,09:15:42,397.95,50,45900
20240112,09:15:49,396.35,50,45900
20240112,09:15:54,399.75,50,45900
20240112,09:15:57,394.85,100,45900
20240112,09:16:01,388.0,250,45900
20240112,09:16:02,385.0,50,45900
20240112,09:16:03,382.2,200,45900
20240112,09:16:05,380.05,50,45900
20240112,09:16:06,379.75,50,45900
20240112,09:16:08,379.75,50,45900
20240112,09:16:13,381.5,50,45900
20240112,09:16:25,383.9,50,45900
20240112,09:16:31,384.45,500,45900
20240112,09:16:34,385.15,50,45900
20240112,09:16:35,384.3,100,45900
20240112,09:16:45,386.1,100,45900
20240112,09:16:50,384.5,50,45900
20240112,09:16:54,381.75,1650,45900
20240112,09:16:55,381.75,1700,45900
20240112,09:16:58,382.55,50,45900
20240112,09:17:01,381.9,550,45900
20240112,09:17:04,380.3,450,45900
20240112,09:17:05,380.0,200,45900
20240112,09:17:06,378.9,150,45900
20240112,09:17:25,384.75,50,45900
20240112,09:17:26,384.3,200,48250
20240112,09:17:27,382.65,100,48250
20240112,09:17:37,380.0,150,48250
20240112,09:17:38,380.0,600,48250
20240112,09:17:45,378.9,50,48250
20240112,09:17:47,379.35,150,48250
20240112,09:17:50,380.1,50,48250
20240112,09:18:04,375.75,200,48250
20240112,09:18:09,379.95,300,48250
20240112,09:18:18,380.4,50,48250
20240112,09:19:01,374.5,150,48250
20240112,09:19:18,374.5,50,48250
20240112,09:19:49,378.45,1800,48250
20240112,09:19:59,381.45,50,48250
20240112,09:20:02,378.4,1850,48250
20240112,09:20:04,374.2,50,48250
20240112,09:20:08,370.45,100,48250
20240112,09:20:10,370.0,1750,48250
20240112,09:20:29,370.0,250,54050
20240112,09:20:31,369.9,50,54050
20240112,09:20:36,369.9,500,54050
20240112,09:20:37,373.7,50,54050
20240112,09:20:45,368.0,550,54050
20240112,09:20:46,368.0,50,54050
20240112,09:20:47,369.15,250,54050
20240112,09:20:51,368.0,100,54050
20240112,09:20:52,369.5,100,54050
20240112,09:20:55,369.45,50,54050
20240112,09:21:00,368.0,50,54050
20240112,09:21:05,367.35,50,54050
20240112,09:21:15,367.2,100,54050
20240112,09:21:17,367.2,50,54050
20240112,09:21:54,370.45,50,54050
20240112,09:22:02,370.15,200,54050
20240112,09:22:35,373.65,1050,54050
20240112,09:22:47,371.1,100,54050
20240112,09:22:57,371.85,250,54050
20240112,09:23:04,369.6,50,54050
20240112,09:23:08,371.4,50,54050
20240112,09:23:16,370.0,150,54050
20240112,09:23:22,369.9,1250,55000
20240112,09:23:28,367.8,50,55000
20240112,09:23:33,365.0,150,55000
20240112,09:23:57,363.25,50,55000
20240112,09:24:03,361.0,100,55000
20240112,09:24:05,360.0,100,55000
20240112,09:24:11,360.0,500,55000
20240112,09:24:17,362.2,100,55000
20240112,09:24:21,362.7,50,55000
20240112,09:24:40,368.25,250,55000
20240112,09:24:41,367.95,350,55000
20240112,09:24:43,368.2,100,55000
20240112,09:24:44,367.8,450,55000
20240112,09:25:09,372.75,100,55000
20240112,09:25:13,371.75,50,55000
20240112,09:25:21,370.0,50,55000
20240112,09:25:22,369.15,50,55000
20240112,09:25:26,367.45,350,55000
20240112,09:25:29,367.35,50,55000
20240112,09:25:31,368.55,50,55000
20240112,09:25:38,368.25,50,55000
20240112,09:25:43,370.0,500,55000
20240112,09:25:45,370.5,50,55000
20240112,09:25:47,369.0,50,55000
20240112,09:25:50,369.75,50,55000
20240112,09:25:53,372.0,50,55000
20240112,09:26:02,370.0,1800,55000
20240112,09:26:07,367.3,50,55000
20240112,09:26:29,367.3,50,57750
20240112,09:26:59,365.25,50,57750
20240112,09:27:08,360.0,50,57750
20240112,09:27:10,361.25,350,57750
20240112,09:27:15,361.2,50,57750
20240112,09:27:17,360.9,50,57750
20240112,09:27:57,367.35,50,57750
20240112,09:27:58,368.0,100,57750
20240112,09:28:04,365.65,100,57750
20240112,09:28:08,363.75,50,57750
20240112,09:28:12,365.4,500,57750
20240112,09:28:25,365.25,50,57750
20240112,09:28:46,363.0,1500,57750
20240112,09:29:07,360.9,50,57750
20240112,09:29:08,360.9,250,57750
20240112,09:29:10,360.0,200,57750
20240112,09:29:34,360.05,50,59750
20240112,09:29:40,360.4,50,59750
20240112,09:29:41,358.6,50,59750
20240112,09:29:44,358.6,50,59750
20240112,09:29:47,359.5,50,59750
20240112,09:29:49,358.6,50,59750
20240112,09:29:52,357.5,100,59750
20240112,09:29:54,358.3,50,59750
20240112,09:29:59,358.95,1100,59750
20240112,09:30:04,355.8,50,59750
20240112,09:30:11,355.8,1900,59750
20240112,09:30:16,359.9,50,59750
20240112,09:30:29,355.5,50,59750
20240112,09:30:33,355.5,50,59750
20240112,09:30:35,355.0,50,59750
20240112,09:30:40,355.0,700,59750
20240112,09:30:46,357.0,300,59750
20240112,09:30:48,357.6,300,59750
20240112,09:30:53,355.65,150,59750
20240112,09:30:54,355.5,950,59750
20240112,09:31:02,356.0,500,59750
20240112,09:31:08,355.15,50,59750
20240112,09:31:16,354.95,50,59750
20240112,09:31:17,353.7,1100,59750
20240112,09:31:23,353.7,50,59750
20240112,09:31:26,352.2,100,59750
20240112,09:31:28,352.2,450,59750
20240112,09:31:29,352.8,400,59750
20240112,09:31:36,356.3,100,59750
20240112,09:31:58,359.95,100,59750
20240112,09:32:06,356.65,100,59750
20240112,09:32:13,356.3,50,59750
20240112,09:32:21,358.45,50,57700
20240112,09:32:30,359.35,50,57700
20240112,09:32:32,359.7,50,57700
20240112,09:32:40,359.2,50,57700
20240112,09:32:48,360.0,950,57700
20240112,09:33:16,362.7,1000,57700
20240112,09:33:17,363.45,100,57700
20240112,09:33:27,363.35,50,57700
20240112,09:33:46,363.4,200,57700
20240112,09:33:48,364.2,100,57700
20240112,09:33:49,364.35,500,57700
20240112,09:33:50,366.45,200,57700
20240112,09:34:04,366.9,50,57700
20240112,09:34:12,367.1,500,57700
20240112,09:34:16,366.45,150,57700
20240112,09:34:17,366.45,200,57700
20240112,09:34:19,366.45,150,57700
20240112,09:34:26,365.8,50,57700
20240112,09:34:39,365.0,100,57700
20240112,09:35:16,364.55,50,57700
20240112,09:35:25,363.6,350,59300
20240112,09:35:32,362.7,500,59300
20240112,09:35:56,366.3,250,59300
20240112,09:36:28,367.9,100,59300
20240112,09:36:30,368.25,50,59300
20240112,09:36:37,369.85,50,59300
20240112,09:36:41,370.45,50,59300
20240112,09:36:48,370.2,50,59300
20240112,09:36:54,370.0,50,59300
20240112,09:37:00,369.0,50,59300
20240112,09:37:11,371.95,150,59300
20240112,09:37:22,370.35,50,59300
20240112,09:37:36,368.9,50,59300
20240112,09:37:41,370.85,900,59300
20240112,09:37:50,372.4,150,59300
20240112,09:37:53,374.0,100,59300
20240112,09:37:55,375.35,550,59300
20240112,09:37:59,374.2,1800,59300
20240112,09:38:09,374.6,100,59300
20240112,09:38:19,374.2,1500,59300
20240112,09:38:38,370.5,50,59300
20240112,09:39:08,370.5,50,59400
20240112,09:39:24,371.0,50,59400
20240112,09:39:39,370.15,200,59400
20240112,09:40:04,371.0,450,59400
20240112,09:40:38,365.55,50,59400
20240112,09:40:43,365.75,50,59400
20240112,09:41:19,366.05,50,59400
20240112,09:41:29,362.8,1550,59350
20240112,09:41:55,362.8,50,59350
20240112,09:42:31,361.9,300,59350
20240112,09:42:33,361.0,50,59350
20240112,09:42:50,359.9,100,59350
20240112,09:43:05,365.1,50,59350
20240112,09:43:08,363.0,150,59350
20240112,09:43:14,359.6,200,59350
20240112,09:43:28,361.55,300,59350
20240112,09:43:47,360.85,350,59350
20240112,09:43:58,357.1,50,59350
20240112,09:43:59,357.2,1800,59350
20240112,09:44:11,357.85,50,59350
20240112,09:44:13,357.2,1250,59350
20240112,09:44:15,357.2,350,59350
20240112,09:44:19,355.0,100,59350
20240112,09:44:21,355.0,350,59350
20240112,09:44:22,355.0,150,59350
20240112,09:44:32,357.45,50,61900
20240112,09:44:33,356.75,50,61900
20240112,09:44:45,356.4,500,61900
20240112,09:44:51,356.75,50,61900
20240112,09:44:52,357.0,500,61900
20240112,09:45:05,356.1,1500,61900
20240112,09:45:08,355.45,1000,61900
20240112,09:45:18,358.3,50,61900
20240112,09:45:22,357.3,50,61900
20240112,09:45:25,356.15,50,61900
20240112,09:45:37,357.0,50,61900
20240112,09:45:44,356.0,100,61900
20240112,09:45:52,354.85,50,61900
20240112,09:45:59,355.25,100,61900
20240112,09:46:01,354.95,100,61900
20240112,09:46:03,354.85,50,61900
20240112,09:46:15,354.5,100,61900
20240112,09:46:25,353.55,500,61900
20240112,09:46:26,353.15,100,61900
20240112,09:46:52,360.05,50,61900
20240112,09:47:03,360.0,50,61900
20240112,09:47:06,361.55,1200,61900
20240112,09:47:24,357.0,500,62200
20240112,09:47:29,356.3,350,62200
20240112,09:47:51,359.25,50,62200
20240112,09:48:05,358.0,50,62200
20240112,09:48:17,359.95,550,62200
20240112,09:48:29,359.65,50,62200
20240112,09:48:46,359.4,50,62200
20240112,09:48:55,362.0,50,62200
20240112,09:49:01,361.4,50,62200
20240112,09:49:24,360.2,50,62200
20240112,09:49:33,359.45,50,62200
20240112,09:49:45,358.6,100,62200
20240112,09:50:26,354.8,50,62700
20240112,09:50:33,356.15,50,62700
20240112,09:50:38,356.3,100,62700
20240112,09:50:45,355.55,150,62700
20240112,09:50:56,355.0,50,62700
20240112,09:50:57,355.1,150,62700
20240112,09:51:02,355.2,150,62700
20240112,09:51:16,355.65,200,62700
20240112,09:51:23,356.0,50,62700
20240112,09:51:35,359.7,1800,62700
20240112,09:51:43,359.0,50,62700
20240112,09:51:47,360.2,100,62700
20240112,09:52:03,360.35,100,62700
20240112,09:52:16,360.6,300,62700
20240112,09:52:20,361.8,500,62700
20240112,09:52:20,361.15,50,62700
20240112,09:52:29,354.95,100,62700
20240112,09:52:38,353.1,150,62700
20240112,09:52:39,352.55,100,62700
20240112,09:52:40,352.85,50,62700
20240112,09:52:48,355.3,50,62700
20240112,09:52:49,355.45,900,62700
20240112,09:53:00,356.75,150,62700
20240112,09:53:01,356.75,50,62700
20240112,09:53:04,356.6,50,62700
20240112,09:53:08,357.5,100,62700
20240112,09:53:09,356.6,500,62700
20240112,09:53:15,357.95,200,62700
20240112,09:53:27,356.55,50,66100
20240112,09:53:39,358.2,50,66100
20240112,09:53:51,360.1,50,66100
20240112,09:53:57,359.75,50,66100
20240112,09:53:59,359.45,50,66100
20240112,09:54:00,358.9,50,66100
20240112,09:54:02,359.15,50,66100
20240112,09:54:15,358.7,50,66100
20240112,09:54:47,349.0,1200,66100
20240112,09:54:48,348.8,50,66100
20240112,09:54:50,348.8,300,66100
20240112,09:54:54,348.45,50,66100
20240112,09:54:55,348.45,100,66100
20240112,09:54:56,348.75,1000,66100
20240112,09:54:58,350.0,150,66100
20240112,09:55:20,352.35,50,66100
20240112,09:55:22,351.6,500,66100
20240112,09:55:35,351.2,100,66100
20240112,09:55:54,355.15,500,66100
20240112,09:56:01,354.9,150,66100
20240112,09:56:02,354.0,1250,66100
20240112,09:56:07,353.0,50,66100
20240112,09:56:10,351.55,100,66100
20240112,09:56:25,351.0,500,69450
20240112,09:56:29,351.0,1000,69450
20240112,09:57:12,350.0,150,69450
20240112,09:57:19,350.0,150,69450
20240112,09:57:20,349.35,150,69450
20240112,09:57:31,345.55,50,69450
20240112,09:57:34,345.0,100,69450
20240112,09:57:36,345.0,50,69450
20240112,09:57:45,347.05,50,69450
20240112,09:57:59,349.3,100,69450
20240112,09:58:13,349.3,100,69450
20240112,09:58:17,348.9,50,69450
20240112,09:58:37,350.1,50,69450
20240112,09:58:52,347.65,50,69450
20240112,09:59:05,346.0,50,69450
20240112,09:59:11,346.75,50,69450
20240112,09:59:18,346.75,50,69450
20240112,09:59:24,346.8,100,69450
20240112,09:59:28,347.55,600,70150
20240112,09:59:37,348.2,1800,70150
20240112,09:59:55,346.9,50,70150
20240112,10:00:03,345.0,50,70150
20240112,10:00:05,345.05,200,70150
20240112,10:00:09,345.95,50,70150
20240112,10:00:14,344.7,300,70150
20240112,10:00:22,344.3,50,70150
20240112,10:00:24,344.3,50,70150
20240112,10:00:30,345.45,100,70150
20240112,10:00:47,345.9,50,70150
20240112,10:00:55,345.45,50,70150
20240112,10:01:20,347.05,100,70150
20240112,10:01:24,344.35,50,70150
20240112,10:01:25,344.35,100,70150
20240112,10:01:34,345.35,50,70150
20240112,10:01:47,344.85,150,70150
20240112,10:01:49,344.85,500,70150
20240112,10:01:59,342.05,50,70150
20240112,10:02:00,340.55,50,70150
20240112,10:02:02,340.55,50,70150
20240112,10:02:09,342.1,200,70150
20240112,10:02:12,340.8,9550,70150
20240112,10:02:13,340.5,7800,70150
20240112,10:02:18,342.1,900,70150
20240112,10:02:24,343.15,400,70150
20240112,10:02:24,341.95,50,70150
20240112,10:02:28,341.4,400,67500
20240112,10:02:40,341.25,100,67500
20240112,10:02:41,342.0,100,67500
20240112,10:02:42,341.8,50,67500
20240112,10:03:03,340.0,650,67500
20240112,10:03:11,340.0,50,67500
20240112,10:03:12,340.0,100,67500
20240112,10:03:17,339.15,50,67500
20240112,10:03:20,338.0,300,67500
20240112,10:03:21,337.9,10000,67500
20240112,10:03:25,335.4,50,67500
20240112,10:03:26,335.4,5000,67500
20240112,10:03:26,335.1,1500,67500
20240112,10:03:41,335.1,50,67500
20240112,10:03:51,336.5,50,67500
20240112,10:03:52,335.85,200,67500
20240112,10:03:54,334.2,100,67500
20240112,10:03:55,334.2,50,67500
20240112,10:03:56,334.9,50,67500
20240112,10:04:04,332.9,50,67500
20240112,10:04:05,332.65,50,67500
20240112,10:04:06,329.55,850,67500
20240112,10:04:09,329.2,400,67500
20240112,10:04:10,329.15,50,67500
20240112,10:04:12,329.15,150,67500
20240112,10:04:14,330.35,150,67500
20240112,10:04:15,330.65,200,67500
20240112,10:04:16,330.1,100,67500
20240112,10:04:17,330.1,50,67500
20240112,10:04:18,328.75,100,67500
20240112,10:04:19,328.65,50,67500
20240112,10:04:20,328.65,150,67500
20240112,10:04:22,329.9,300,67500
20240112,10:04:22,330.55,150,67500
20240112,10:04:24,330.65,700,67500
20240112,10:04:25,329.7,150,67500
20240112,10:04:26,329.0,250,67500
20240112,10:04:30,328.25,500,67500
20240112,10:04:32,328.05,50,67500
20240112,10:04:34,327.6,1050,67500
20240112,10:04:36,327.6,100,67500
20240112,10:04:38,327.15,500,67500
20240112,10:04:41,327.15,900,67500
20240112,10:04:43,328.2,100,67500
20240112,10:04:48,325.0,150,67500
20240112,10:04:49,324.55,50,67500
20240112,10:04:55,323.05,50,67500
20240112,10:04:58,322.35,50,67500
20240112,10:05:00,321.95,200,67500
20240112,10:05:01,321.1,150,67500
20240112,10:05:02,322.0,400,67500
20240112,10:05:03,321.75,50,67500
20240112,10:05:04,320.0,100,67500
20240112,10:05:06,320.0,100,67500
20240112,10:05:07,319.8,150,67500
20240112,10:05:10,319.8,50,67500
20240112,10:05:11,319.8,50,67500
20240112,10:05:14,319.8,100,67500
20240112,10:05:16,319.8,200,67500
20240112,10:05:17,319.8,250,67500
20240112,10:05:19,318.55,350,67500
20240112,10:05:20,318.55,500,67500
20240112,10:05:22,320.3,200,67500
20240112,10:05:26,319.6,200,67500
20240112,10:05:32,326.55,100,66200
20240112,10:05:33,325.25,50,66200
20240112,10:05:34,326.9,50,66200
20240112,10:05:37,326.0,150,66200
20240112,10:05:39,326.25,100,66200
20240112,10:05:40,326.0,150,66200
20240112,10:05:43,325.9,350,66200
20240112,10:05:50,324.05,100,66200
20240112,10:05:52,323.9,100,66200
20240112,10:05:53,324.0,150,66200
20240112,10:05:57,321.0,50,66200
20240112,10:06:04,318.0,50,66200
20240112,10:06:05,318.0,150,66200
20240112,10:06:07,315.0,1200,66200
20240112,10:06:09,315.0,500,66200
20240112,10:06:10,314.25,950,66200
20240112,10:06:12,312.45,50,66200
20240112,10:06:13,312.45,150,66200
20240112,10:06:14,311.1,6300,66200
20240112,10:06:14,311.8,200,66200
20240112,10:06:16,312.75,1150,66200
20240112,10:06:19,312.15,100,66200
20240112,10:06:21,312.0,50,66200
20240112,10:06:26,310.0,50,66200
20240112,10:06:27,310.0,100,66200
20240112,10:06:30,311.4,150,66200
20240112,10:06:32,310.35,50,66200
20240112,10:06:33,310.45,50,66200
20240112,10:06:37,311.7,50,66200
20240112,10:06:43,315.0,100,66200
20240112,10:06:44,315.95,50,66200
20240112,10:06:45,314.95,150,66200
20240112,10:06:48,312.65,50,66200
20240112,10:06:51,314.85,700,66200
20240112,10:06:56,314.35,300,66200
20240112,10:06:59,314.4,500,66200
20240112,10:07:00,316.15,450,66200
20240112,10:07:01,314.45,150,66200
20240112,10:07:08,312.35,50,66200
20240112,10:07:09,311.0,50,66200
20240112,10:07:10,311.9,150,66200
20240112,10:07:12,312.05,250,66200
20240112,10:07:14,311.55,50,66200
20240112,10:07:15,311.95,250,66200
20240112,10:07:16,311.7,50,66200
20240112,10:07:17,312.5,50,66200
20240112,10:07:22,310.0,1000,66200
20240112,10:07:23,310.65,150,66200
20240112,10:07:24,311.8,50,66200
20240112,10:07:25,310.9,400,66200
20240112,10:07:27,312.1,200,66200
20240112,10:07:30,310.05,50,66200
20240112,10:07:33,310.2,50,66200
20240112,10:07:36,310.5,50,66200
20240112,10:07:37,311.15,50,66200
20240112,10:07:47,309.75,50,66200
20240112,10:07:49,309.75,50,66200
20240112,10:07:52,311.4,50,66200
20240112,10:07:53,310.0,300,66200
20240112,10:07:54,309.0,100,66200
20240112,10:07:59,309.0,150,66200
20240112,10:08:00,310.25,900,66200
20240112,10:08:02,310.8,950,66200
20240112,10:08:09,307.85,400,66200
20240112,10:08:20,307.85,1000,66200
20240112,10:08:21,309.5,50,66200
20240112,10:08:22,310.4,250,66200
20240112,10:08:23,310.95,50,66200
20240112,10:08:29,309.45,100,75150
20240112,10:08:32,309.9,100,75150
20240112,10:08:38,311.95,150,75150
20240112,10:08:42,312.0,50,75150
20240112,10:08:48,310.5,1800,75150
20240112,10:08:49,311.9,50,75150
20240112,10:08:51,312.0,250,75150
20240112,10:08:54,309.0,150,75150
20240112,10:08:55,309.0,50,75150
20240112,10:08:56,309.0,350,75150
20240112,10:08:57,309.7,100,75150
20240112,10:08:59,311.3,1000,75150
20240112,10:09:01,310.35,1050,75150
20240112,10:09:03,310.6,50,75150
20240112,10:09:04,310.0,200,75150
20240112,10:09:07,308.0,3850,75150
20240112,10:09:08,307.0,250,75150
20240112,10:09:11,306.15,500,75150
20240112,10:09:12,305.0,200,75150
20240112,10:09:17,305.0,50,75150
20240112,10:09:18,306.9,600,75150
20240112,10:09:19,307.55,50,75150
20240112,10:09:26,305.95,500,75150
20240112,10:09:27,305.0,700,75150
20240112,10:09:28,301.95,1250,75150
20240112,10:09:31,303.5,500,75150
20240112,10:09:33,302.2,350,75150
20240112,10:09:34,302.2,350,75150
20240112,10:09:37,301.35,400,75150
20240112,10:09:38,300.0,250,75150
20240112,10:09:41,300.0,1900,75150
20240112,10:09:42,301.35,300,75150
20240112,10:09:44,301.15,50,75150
20240112,10:09:45,300.9,550,75150
20240112,10:09:46,301.65,450,75150
20240112,10:09:47,301.45,250,75150
20240112,10:09:48,302.15,150,75150
20240112,10:09:49,303.6,500,75150
20240112,10:09:50,304.05,50,75150
20240112,10:09:51,304.0,750,75150
20240112,10:09:53,302.8,50,75150
20240112,10:09:54,302.85,50,75150
20240112,10:09:58,303.05,500,75150
20240112,10:10:00,302.2,50,75150
20240112,10:10:01,302.35,950,75150
20240112,10:10:02,302.45,300,75150
20240112,10:10:03,302.4,450,75150
20240112,10:10:05,302.5,50,75150
20240112,10:10:06,301.35,1200,75150
20240112,10:10:07,303.2,300,75150
20240112,10:10:08,303.6,500,75150
20240112,10:10:09,303.9,200,75150
20240112,10:10:11,306.05,1300,75150
20240112,10:10:12,307.0,650,75150
20240112,10:10:13,308.85,700,75150
20240112,10:10:14,309.45,200,75150
20240112,10:10:15,308.7,150,75150
20240112,10:10:18,306.5,300,75150
20240112,10:10:20,306.05,700,75150
20240112,10:10:21,303.4,100,75150
20240112,10:10:22,302.5,400,75150
20240112,10:10:24,303.1,100,75150
20240112,10:10:25,303.75,300,75150
20240112,10:10:27,301.0,50,75150
20240112,10:10:28,301.35,50,75150
20240112,10:10:29,302.4,350,75150
20240112,10:10:30,301.8,550,75150
20240112,10:10:31,301.8,300,75150
20240112,10:10:32,304.35,150,75150
20240112,10:10:37,305.15,700,75150
20240112,10:10:39,305.95,450,75150
20240112,10:10:43,305.95,1000,75150
20240112,10:10:46,304.4,50,75150
20240112,10:10:47,303.9,100,75150
20240112,10:10:48,304.95,1050,75150
20240112,10:10:49,306.35,150,75150
20240112,10:10:51,305.95,100,75150
20240112,10:10:53,307.0,200,75150
20240112,10:10:57,307.95,100,75150
20240112,10:10:59,307.2,1100,75150
20240112,10:11:06,306.9,250,75150
20240112,10:11:07,306.2,500,75150
20240112,10:11:08,306.4,1150,75150
20240112,10:11:10,307.95,450,75150
20240112,10:11:14,307.8,50,75150
20240112,10:11:16,307.0,250,75150
20240112,10:11:23,305.75,50,75150
20240112,10:11:26,306.3,50,75150
20240112,10:11:27,306.35,400,101300
20240112,10:11:36,306.05,50,101300
20240112,10:11:37,306.35,250,101300
20240112,10:11:38,306.45,50,101300
20240112,10:11:39,306.75,450,101300
20240112,10:11:40,306.75,50,101300
20240112,10:11:43,307.0,350,101300
20240112,10:11:49,307.15,50,101300
20240112,10:11:52,308.85,100,101300
20240112,10:11:55,307.95,250,101300
20240112,10:11:58,306.35,100,101300
20240112,10:11:58,306.9,50,101300
20240112,10:11:59,306.45,250,101300
20240112,10:12:01,306.0,250,101300
20240112,10:12:02,305.55,300,101300
20240112,10:12:05,304.0,50,101300
20240112,10:12:06,304.95,50,101300
20240112,10:12:07,305.05,350,101300
20240112,10:12:10,305.6,250,101300
20240112,10:12:14,306.45,200,101300
20240112,10:12:15,307.5,50,101300
20240112,10:12:17,306.3,3750,101300
20240112,10:12:26,307.95,50,101300
20240112,10:12:35,310.95,300,101300
20240112,10:12:35,310.55,50,101300
20240112,10:12:42,311.45,50,101300
20240112,10:12:50,309.9,50,101300
20240112,10:12:52,309.85,100,101300
20240112,10:12:58,310.4,50,101300
20240112,10:12:58,310.15,1000,101300
20240112,10:12:59,313.0,3650,101300
20240112,10:13:03,310.05,100,101300
20240112,10:13:04,311.0,350,101300
20240112,10:13:23,309.45,150,101300
20240112,10:13:28,309.05,50,101300
20240112,10:13:30,308.45,50,101300
20240112,10:13:32,308.25,50,101300
20240112,10:13:33,307.6,100,101300
20240112,10:13:42,305.5,50,101300
20240112,10:13:46,306.2,100,101300
20240112,10:13:47,305.3,350,101300
20240112,10:13:47,304.8,300,101300
20240112,10:13:49,305.9,100,101300
20240112,10:13:54,305.35,50,101300
20240112,10:14:01,306.45,100,101300
20240112,10:14:05,306.3,50,101300
20240112,10:14:08,307.7,50,101300
20240112,10:14:10,308.1,50,101300
20240112,10:14:12,309.05,1800,101300
20240112,10:14:27,311.0,200,101300
20240112,10:14:34,311.35,100,101600
20240112,10:14:39,311.25,50,101600
20240112,10:14:41,311.0,200,101600
20240112,10:14:42,311.35,200,101600
20240112,10:14:42,311.35,100,101600
20240112,10:14:46,311.9,50,101600
20240112,10:14:48,311.35,100,101600
20240112,10:14:54,308.2,1900,101600
20240112,10:14:57,307.05,1800,101600
20240112,10:15:00,308.6,700,101600
20240112,10:15:13,311.45,500,101600
20240112,10:15:15,310.5,50,101600
20240112,10:15:24,307.0,50,101600
20240112,10:15:28,308.2,1450,101600
20240112,10:15:34,306.0,50,101600
20240112,10:15:41,306.0,200,101600
20240112,10:15:50,305.85,150,101600
20240112,10:16:01,305.0,400,101600
20240112,10:16:04,305.9,250,101600
20240112,10:16:05,305.7,50,101600
20240112,10:16:10,304.0,50,101600
20240112,10:16:12,304.95,50,101600
20240112,10:16:14,306.4,350,101600
20240112,10:16:15,306.25,50,101600
20240112,10:16:17,305.25,50,101600
20240112,10:16:22,305.0,800,101600
20240112,10:16:25,304.95,50,101600
20240112,10:16:26,305.25,500,101600
20240112,10:16:37,305.0,500,101600
20240112,10:16:40,305.75,150,101600
20240112,10:16:41,304.9,50,101600
20240112,10:16:46,307.35,50,101600
20240112,10:16:53,310.0,50,101600
20240112,10:16:59,311.15,100,101600
20240112,10:17:00,310.55,50,101600
20240112,10:17:06,308.7,50,101600
20240112,10:17:07,309.65,50,101600
20240112,10:17:12,309.35,1800,101600
20240112,10:17:15,308.7,50,101600
20240112,10:17:20,307.8,50,101600
20240112,10:17:26,307.8,50,101600
20240112,10:17:27,307.6,100,101600
20240112,10:17:35,307.95,100,101600
20240112,10:17:40,307.95,100,110050
20240112,10:17:46,309.0,50,110050
20240112,10:17:58,308.2,300,110050
20240112,10:18:04,308.65,50,110050
20240112,10:18:08,307.95,100,110050
20240112,10:18:14,308.0,200,110050
20240112,10:18:28,308.2,100,110050
20240112,10:18:35,309.0,100,110050
20240112,10:18:37,310.7,200,110050
20240112,10:18:45,309.95,50,110050
20240112,10:18:49,311.0,100,110050
20240112,10:19:02,312.0,500,110050
20240112,10:19:04,311.6,350,110050
20240112,10:19:14,310.0,1000,110050
20240112,10:19:19,308.15,100,110050
20240112,10:19:21,309.25,200,110050
20240112,10:19:29,308.25,50,110050
20240112,10:19:30,308.75,50,110050
20240112,10:19:32,310.45,250,110050
20240112,10:19:33,310.0,50,110050
20240112,10:19:38,310.0,50,110050
20240112,10:19:40,310.7,100,110050
20240112,10:19:42,310.2,50,110050
20240112,10:19:43,310.65,400,110050
20240112,10:19:45,310.55,200,110050
20240112,10:19:47,310.85,200,110050
20240112,10:19:48,311.6,200,110050
20240112,10:19:53,311.65,250,110050
20240112,10:19:57,311.35,200,110050
20240112,10:19:58,311.6,50,110050
20240112,10:19:59,312.0,1000,110050
20240112,10:20:02,314.0,2150,110050
20240112,10:20:08,312.5,50,110050
20240112,10:20:09,312.05,100,110050
20240112,10:20:15,310.0,500,110050
20240112,10:20:18,310.85,2500,110050
20240112,10:20:23,309.45,850,110050
20240112,10:20:24,309.0,250,110050
20240112,10:20:25,308.4,100,110050
20240112,10:20:26,308.9,550,110050
20240112,10:20:27,308.95,300,110050
20240112,10:20:28,308.5,200,110050
20240112,10:20:29,308.4,50,112100
20240112,10:20:35,308.3,50,112100
20240112,10:20:44,306.9,500,112100
20240112,10:20:45,306.0,50,112100
20240112,10:20:48,304.9,450,112100
20240112,10:20:51,304.45,1000,112100
20240112,10:20:52,305.0,50,112100
20240112,10:20:53,304.65,250,112100
20240112,10:20:56,305.0,500,112100
20240112,10:20:58,305.05,100,112100
20240112,10:21:00,306.15,50,112100
20240112,10:21:03,305.7,500,112100
20240112,10:21:09,304.55,500,112100
20240112,10:21:15,300.3,3650,112100
20240112,10:21:18,301.7,250,112100
20240112,10:21:20,301.45,300,112100
20240112,10:21:25,303.55,100,112100
20240112,10:21:32,303.45,100,112100
20240112,10:21:33,303.95,50,112100
20240112,10:21:36,307.15,50,112100
20240112,10:21:37,307.45,500,112100
20240112,10:21:42,306.3,50,112100
20240112,10:21:44,306.3,550,112100
20240112,10:21:47,306.25,50,112100
20240112,10:21:59,308.1,50,112100
20240112,10:22:00,309.45,50,112100
20240112,10:22:01,309.95,500,112100
20240112,10:22:06,309.45,250,112100
20240112,10:22:10,308.35,50,112100
20240112,10:22:12,308.05,100,112100
20240112,10:22:17,309.45,350,112100
20240112,10:22:20,309.8,50,112100
20240112,10:22:28,310.0,50,112100
20240112,10:22:32,308.9,300,112100
20240112,10:22:34,309.4,250,112100
20240112,10:22:47,308.4,50,112100
20240112,10:22:48,309.85,50,112100
20240112,10:23:16,310.0,100,112100
20240112,10:23:34,309.2,50,115550
20240112,10:23:54,308.8,550,115550
20240112,10:24:00,307.25,350,115550
20240112,10:24:06,308.35,150,115550
20240112,10:24:17,307.8,1000,115550
20240112,10:24:29,308.05,50,115550
20240112,10:24:33,307.3,50,115550
20240112,10:24:36,306.95,50,115550
20240112,10:24:52,305.4,50,115550
20240112,10:25:08,306.9,50,115550
20240112,10:25:09,306.5,200,115550
20240112,10:25:11,308.15,250,115550
20240112,10:25:20,308.95,50,115550
20240112,10:25:31,305.0,100,115550
20240112,10:25:32,303.95,100,115550
20240112,10:25:35,304.0,200,115550
20240112,10:25:42,302.8,150,115550
20240112,10:25:44,303.15,50,115550
20240112,10:25:45,303.35,150,115550
20240112,10:25:46,303.45,50,115550
20240112,10:25:47,302.6,350,115550
20240112,10:25:49,302.6,50,115550
20240112,10:25:56,303.75,200,115550
20240112,10:25:56,303.55,200,115550
20240112,10:25:59,305.9,50,115550
20240112,10:26:03,303.5,500,115550
20240112,10:26:05,301.5,50,115550
20240112,10:26:08,298.75,1300,115550
20240112,10:26:09,296.0,1050,115550
20240112,10:26:10,295.0,600,115550
20240112,10:26:11,295.0,150,115550
20240112,10:26:11,297.35,50,115550
20240112,10:26:12,297.15,100,115550
20240112,10:26:14,295.6,150,115550
20240112,10:26:15,296.1,800,115550
20240112,10:26:16,296.7,100,115550
20240112,10:26:17,296.5,50,115550
20240112,10:26:18,296.8,100,115550
20240112,10:26:19,296.95,50,115550
20240112,10:26:20,298.4,100,115550
20240112,10:26:22,297.45,50,115550
20240112,10:26:29,296.4,150,119550
20240112,10:26:33,295.0,500,119550
20240112,10:26:36,294.9,1000,119550
20240112,10:26:36,296.45,400,119550
20240112,10:26:38,296.1,1050,119550
20240112,10:26:40,297.55,100,119550
20240112,10:26:41,297.6,50,119550
20240112,10:26:42,297.6,50,119550
20240112,10:26:46,297.05,300,119550
20240112,10:26:47,296.55,400,119550
20240112,10:26:49,296.8,100,119550
20240112,10:26:56,298.0,1900,119550
20240112,10:26:58,296.0,50,119550
20240112,10:26:59,296.0,100,119550
20240112,10:27:02,293.4,350,119550
20240112,10:27:04,293.0,100,119550
20240112,10:27:05,293.0,100,119550
20240112,10:27:06,293.75,100,119550
20240112,10:27:08,293.15,300,119550
20240112,10:27:10,294.2,600,119550
20240112,10:27:11,293.95,600,119550
20240112,10:27:13,293.75,250,119550
20240112,10:27:14,293.4,400,119550
20240112,10:27:15,293.75,100,119550
20240112,10:27:22,293.0,250,119550
20240112,10:27:23,290.0,700,119550
20240112,10:27:25,290.0,500,119550
20240112,10:27:28,291.15,300,119550
20240112,10:27:29,291.2,50,119550
20240112,10:27:30,290.1,150,119550
20240112,10:27:33,289.1,500,119550
20240112,10:27:35,289.1,650,119550
20240112,10:27:36,289.6,250,119550
20240112,10:27:37,289.1,400,119550
20240112,10:27:38,286.85,350,119550
20240112,10:27:39,286.85,100,119550
20240112,10:27:41,287.85,550,119550
20240112,10:27:42,287.55,50,119550
20240112,10:27:43,288.45,100,119550
20240112,10:27:44,290.0,150,119550
20240112,10:27:45,290.6,50,119550
20240112,10:27:46,290.6,200,119550
20240112,10:27:48,291.3,50,119550
20240112,10:27:49,290.5,50,119550
20240112,10:27:53,289.4,150,119550
20240112,10:27:54,288.95,150,119550
20240112,10:27:57,288.45,50,119550
20240112,10:27:57,288.3,100,119550
20240112,10:27:59,288.75,50,119550
20240112,10:28:00,288.7,200,119550
20240112,10:28:02,289.1,250,119550
20240112,10:28:03,289.4,50,119550
20240112,10:28:05,288.1,500,119550
20240112,10:28:08,288.3,1800,119550
20240112,10:28:09,288.7,300,119550
20240112,10:28:10,288.55,50,119550
20240112,10:28:11,287.6,150,119550
20240112,10:28:12,286.9,100,119550
20240112,10:28:13,286.35,50,119550
20240112,10:28:14,285.7,700,119550
20240112,10:28:15,285.7,50,119550
20240112,10:28:17,285.7,250,119550
20240112,10:28:18,287.2,100,119550
20240112,10:28:20,288.0,100,119550
20240112,10:28:21,288.15,200,119550
20240112,10:28:22,287.75,250,119550
20240112,10:28:23,287.65,150,119550
20240112,10:28:24,285.7,3350,119550
20240112,10:28:28,284.0,1450,119550
20240112,10:28:29,284.0,1800,119550
20240112,10:28:31,285.85,100,119550
20240112,10:28:33,285.45,100,119550
20240112,10:28:38,285.45,400,119550
20240112,10:28:40,287.4,1900,119550
20240112,10:28:41,286.85,250,119550
20240112,10:28:42,286.15,200,119550
20240112,10:28:43,285.15,100,119550
20240112,10:28:45,286.65,1800,119550
20240112,10:28:48,286.2,50,119550
20240112,10:28:50,286.45,350,119550
20240112,10:28:53,285.55,150,119550
20240112,10:28:55,288.0,1200,119550
20240112,10:28:56,288.05,100,119550
20240112,10:28:57,289.6,1950,119550
20240112,10:28:58,289.15,50,119550
20240112,10:28:59,288.2,300,119550
20240112,10:29:01,286.4,1850,119550
20240112,10:29:05,287.5,1800,119550
20240112,10:29:05,287.35,50,119550
20240112,10:29:09,287.4,550,119550
20240112,10:29:10,287.55,100,119550
20240112,10:29:11,287.2,100,119550
20240112,10:29:12,287.2,100,119550
20240112,10:29:15,287.15,150,119550
20240112,10:29:16,286.7,2100,119550
20240112,10:29:18,286.5,50,119550
20240112,10:29:21,286.55,100,119550
20240112,10:29:26,289.1,50,119550
20240112,10:29:28,287.35,650,119550
20240112,10:29:30,287.95,650,138900
20240112,10:29:35,288.7,1000,138900
20240112,10:29:37,289.15,50,138900
20240112,10:29:38,291.0,500,138900
20240112,10:29:39,292.55,200,138900
20240112,10:29:41,292.65,200,138900
20240112,10:29:42,291.6,2450,138900
20240112,10:29:43,291.75,1100,138900
20240112,10:29:45,291.8,1500,138900
20240112,10:29:48,291.45,300,138900
20240112,10:29:50,292.25,100,138900
20240112,10:29:51,292.95,550,138900
20240112,10:29:53,294.35,200,138900
20240112,10:29:54,295.8,450,138900
20240112,10:29:58,295.8,50,138900
20240112,10:29:59,295.4,50,138900
20240112,10:30:00,296.15,150,138900
20240112,10:30:03,294.7,50,138900
20240112,10:30:04,295.75,200,138900
20240112,10:30:06,295.0,50,138900
20240112,10:30:07,296.0,1800,138900
20240112,10:30:09,296.0,300,138900
20240112,10:30:11,296.0,200,138900
20240112,10:30:15,293.05,50,138900
20240112,10:30:18,293.6,50,138900
20240112,10:30:19,292.45,50,138900
20240112,10:30:21,292.45,150,138900
20240112,10:30:22,293.75,50,138900
20240112,10:30:24,295.7,50,138900
20240112,10:30:25,297.25,750,138900
20240112,10:30:26,296.35,50,138900
20240112,10:30:29,297.55,200,138900
20240112,10:30:30,298.05,100,138900
20240112,10:30:33,298.2,100,138900
20240112,10:30:35,299.25,50,138900
20240112,10:30:37,300.0,1800,138900
20240112,10:30:39,300.3,1200,138900
20240112,10:30:41,302.0,1350,138900
20240112,10:30:42,302.1,1800,138900
20240112,10:30:43,300.75,250,138900
20240112,10:30:44,300.35,200,138900
20240112,10:30:45,301.05,100,138900
20240112,10:30:51,299.5,100,138900
20240112,10:30:52,300.0,1650,138900
20240112,10:30:53,299.9,300,138900
20240112,10:30:58,296.0,250,138900
20240112,10:30:59,296.7,500,138900
20240112,10:31:01,297.65,1850,138900
20240112,10:31:04,298.75,50,138900
20240112,10:31:05,298.75,100,138900
20240112,10:31:06,298.25,300,138900
20240112,10:31:07,297.0,800,138900
20240112,10:31:08,296.65,1350,138900
20240112,10:31:09,297.85,250,138900
20240112,10:31:10,297.8,500,138900
20240112,10:31:11,297.55,1800,138900
20240112,10:31:16,297.6,1600,138900
20240112,10:31:17,297.55,100,138900
20240112,10:31:20,297.9,50,138900
20240112,10:31:25,298.0,50,138900
20240112,10:31:27,295.0,150,138900
20240112,10:31:28,295.0,100,138900
20240112,10:31:36,296.3,100,138900
20240112,10:31:41,298.0,600,138900
20240112,10:31:52,298.35,100,138900
20240112,10:31:57,300.0,1800,138900
20240112,10:31:58,299.45,250,138900
20240112,10:32:04,299.4,200,138900
20240112,10:32:05,300.8,400,138900
20240112,10:32:07,299.75,250,138900
20240112,10:32:11,299.75,50,138900
20240112,10:32:20,301.1,50,138900
20240112,10:32:22,302.0,150,138900
20240112,10:32:25,302.85,100,138900
20240112,10:32:30,302.05,50,144550
20240112,10:32:44,303.85,250,144550
20240112,10:32:46,303.95,100,144550
20240112,10:32:49,303.7,500,144550
20240112,10:32:51,302.9,50,144550
20240112,10:32:54,305.75,1600,144550
20240112,10:32:57,304.9,300,144550
20240112,10:32:59,304.0,500,144550
20240112,10:33:11,299.7,250,144550
20240112,10:33:14,300.35,250,144550
20240112,10:33:17,301.35,100,144550
20240112,10:33:18,300.35,250,144550
20240112,10:33:19,301.0,500,144550
20240112,10:33:20,300.8,50,144550
20240112,10:33:24,302.25,250,144550
20240112,10:33:27,302.0,50,144550
20240112,10:33:29,300.8,550,144550
20240112,10:33:30,300.0,50,144550
20240112,10:33:32,298.0,150,144550
20240112,10:33:34,298.2,150,144550
20240112,10:33:35,297.9,50,144550
20240112,10:33:37,297.6,250,144550
20240112,10:33:38,297.35,300,144550
20240112,10:33:40,298.6,850,144550
20240112,10:33:41,298.35,300,144550
20240112,10:34:03,300.3,300,144550
20240112,10:34:04,299.7,50,144550
20240112,10:34:09,299.1,150,144550
20240112,10:34:12,300.1,50,144550
20240112,10:34:13,300.9,300,144550
20240112,10:34:19,300.85,250,144550
20240112,10:34:19,300.9,1500,144550
20240112,10:34:22,302.0,2000,144550
20240112,10:34:25,302.85,250,144550
20240112,10:34:26,301.45,250,144550
20240112,10:34:41,302.2,100,144550
20240112,10:34:53,301.2,50,144550
20240112,10:34:56,298.2,300,144550
20240112,10:34:59,299.15,100,144550
20240112,10:35:02,298.6,50,144550
20240112,10:35:07,300.25,1800,144550
20240112,10:35:12,300.95,50,144550
20240112,10:35:17,299.65,500,144550
20240112,10:35:25,299.65,100,144550
20240112,10:35:29,300.25,50,144550
20240112,10:35:34,299.6,50,144750
20240112,10:35:38,300.0,50,144750
20240112,10:35:42,299.95,50,144750
20240112,10:36:00,298.95,350,144750
20240112,10:36:01,297.2,200,144750
20240112,10:36:03,296.45,400,144750
20240112,10:36:04,296.0,50,144750
20240112,10:36:05,296.2,50,144750
20240112,10:36:07,295.4,100,144750
20240112,10:36:20,295.6,100,144750
20240112,10:36:26,295.8,50,144750
20240112,10:36:37,294.3,200,144750
20240112,10:36:38,295.35,18000,144750
20240112,10:36:41,295.35,18000,144750
20240112,10:36:42,295.55,14400,144750
20240112,10:36:42,295.6,3600,144750
20240112,10:36:47,293.0,150,144750
20240112,10:36:53,292.2,150,144750
20240112,10:36:54,292.45,50,144750
20240112,10:36:55,293.05,50,144750
20240112,10:36:56,291.8,100,144750
20240112,10:36:59,291.85,100,144750
20240112,10:37:01,292.95,1050,144750
20240112,10:37:02,292.9,50,144750
20240112,10:37:17,295.35,50,144750
20240112,10:37:18,294.05,1000,144750
20240112,10:37:20,294.55,50,144750
20240112,10:37:21,293.9,100,144750
20240112,10:37:24,292.3,700,144750
20240112,10:37:31,291.15,250,144750
20240112,10:37:34,294.05,100,144750
20240112,10:37:37,293.95,50,144750
20240112,10:37:42,292.3,50,144750
20240112,10:37:43,292.85,300,144750
20240112,10:37:50,292.8,200,144750
20240112,10:37:51,293.0,550,144750
20240112,10:37:52,294.25,300,144750
20240112,10:37:53,294.25,50,144750
20240112,10:37:55,294.55,100,144750
20240112,10:37:56,295.6,100,144750
20240112,10:38:03,292.9,50,144750
20240112,10:38:25,295.85,100,144750
20240112,10:38:26,295.7,50,144750
20240112,10:38:29,295.0,300,144750
20240112,10:38:47,295.15,50,174200
20240112,10:38:52,294.9,50,174200
20240112,10:39:14,294.05,50,174200
20240112,10:39:18,293.9,150,174200
20240112,10:39:28,292.45,250,174200
20240112,10:39:34,292.9,50,174200
20240112,10:39:40,292.0,2600,174200
20240112,10:39:41,291.3,50,174200
20240112,10:39:45,290.4,250,174200
20240112,10:39:46,290.1,100,174200
20240112,10:39:47,290.0,250,174200
20240112,10:39:49,290.0,50,174200
20240112,10:39:50,290.0,100,174200
20240112,10:39:51,288.95,250,174200
20240112,10:39:53,289.85,50,174200
20240112,10:39:54,289.15,100,174200
20240112,10:39:55,289.95,50,174200
20240112,10:39:56,290.15,100,174200
20240112,10:39:56,290.15,250,174200
20240112,10:39:59,290.55,300,174200
20240112,10:40:00,290.15,50,174200
20240112,10:40:01,290.55,50,174200
20240112,10:40:02,289.0,100,174200
20240112,10:40:04,287.4,350,174200
20240112,10:40:07,287.6,50,174200
20240112,10:40:08,288.0,550,174200
20240112,10:40:10,286.6,100,174200
20240112,10:40:15,287.5,200,174200
20240112,10:40:16,287.1,250,174200
20240112,10:40:20,287.4,1500,174200
20240112,10:40:21,286.25,50,174200
20240112,10:40:23,285.75,2000,174200
20240112,10:40:24,285.5,250,174200
20240112,10:40:26,285.0,150,174200
20240112,10:40:28,285.45,2300,174200
20240112,10:40:30,285.5,50,174200
20240112,10:40:32,286.1,2050,174200
20240112,10:40:33,285.15,250,174200
20240112,10:40:34,285.9,650,174200
20240112,10:40:35,283.9,1400,174200
20240112,10:40:36,283.9,100,174200
20240112,10:40:37,285.5,2050,174200
20240112,10:40:38,285.65,1050,174200
20240112,10:40:40,285.7,450,174200
20240112,10:40:42,283.8,200,174200
20240112,10:40:43,283.6,1800,174200
20240112,10:40:44,283.6,50,174200
20240112,10:40:46,282.05,600,174200
20240112,10:40:47,282.05,1850,174200
20240112,10:40:48,282.0,250,174200
20240112,10:40:50,282.0,100,174200
20240112,10:40:51,281.5,850,174200
20240112,10:40:52,281.35,300,174200
20240112,10:40:53,280.95,1800,174200
20240112,10:40:57,280.2,100,174200
20240112,10:40:58,280.1,2100,174200
20240112,10:40:59,279.7,1750,174200
20240112,10:41:01,279.7,200,174200
20240112,10:41:02,280.0,3300,174200
20240112,10:41:04,278.0,1300,174200
20240112,10:41:06,278.0,900,174200
20240112,10:41:07,279.0,2100,174200
20240112,10:41:08,279.15,50,174200
20240112,10:41:09,279.95,350,174200
20240112,10:41:11,281.3,1500,174200
20240112,10:41:13,280.35,1850,174200
20240112,10:41:14,280.1,250,174200
20240112,10:41:17,279.2,1900,174200
20240112,10:41:18,279.5,150,174200
20240112,10:41:19,279.45,250,174200
20240112,10:41:20,280.45,600,174200
20240112,10:41:21,280.65,400,174200
20240112,10:41:22,280.65,950,174200
20240112,10:41:23,281.1,450,174200
20240112,10:41:24,281.15,250,174200
20240112,10:41:25,283.1,250,174200
20240112,10:41:26,282.75,100,174200
20240112,10:41:28,282.2,300,174200
20240112,10:41:32,282.0,150,174200
20240112,10:41:33,281.55,350,196600
20240112,10:41:36,282.0,50,196600
20240112,10:41:37,282.3,150,196600
20240112,10:41:38,282.65,300,196600
20240112,10:41:42,283.05,350,196600
20240112,10:41:44,284.95,600,196600
20240112,10:41:45,285.65,100,196600
20240112,10:41:47,286.6,350,196600
20240112,10:41:48,286.8,700,196600
20240112,10:41:49,286.6,100,196600
20240112,10:41:50,287.45,600,196600
20240112,10:41:51,287.5,900,196600
20240112,10:41:52,287.5,200,196600
20240112,10:41:54,287.15,150,196600
20240112,10:41:55,285.6,250,196600
20240112,10:41:58,285.7,50,196600
20240112,10:41:59,286.15,50,196600
20240112,10:42:00,286.15,200,196600
20240112,10:42:01,288.9,200,196600
20240112,10:42:03,288.85,100,196600
