date,time,tick_price,volume,open_interest
20240108,09:15:05,3.0,300,1800
20240108,09:15:12,1.0,100,1800
20240108,09:15:22,0.7,100,1800
20240108,09:15:27,0.7,100,1800
20240108,09:15:35,0.7,50,1800
20240108,09:15:37,0.75,50,1800
20240108,09:15:51,0.8,150,1800
20240108,09:15:52,0.75,50,1800
20240108,09:15:56,0.8,50,1800
20240108,09:15:59,0.75,50,1800
20240108,09:16:01,0.75,100,1800
20240108,09:16:03,0.75,100,1800
20240108,09:16:07,0.75,50,1800
20240108,09:16:08,0.75,100,1800
20240108,09:16:09,0.7,50,1800
20240108,09:16:14,0.75,50,1800
20240108,09:16:17,0.7,50,1800
20240108,09:16:20,0.75,50,1800
20240108,09:16:23,0.75,150,1800
20240108,09:16:23,0.75,50,1800
20240108,09:16:25,0.75,50,1800
20240108,09:16:29,0.75,50,1800
20240108,09:16:31,0.75,50,1800
20240108,09:16:36,0.75,50,1800
20240108,09:17:11,0.75,50,1800
20240108,09:17:44,0.75,150,1800
20240108,09:18:46,0.75,50,1800
20240108,09:18:47,0.7,150,1800
20240108,09:18:54,0.7,650,1800
20240108,09:18:55,0.7,50,1800
20240108,09:18:56,0.7,100,1800
20240108,09:18:58,0.7,150,1800
20240108,09:19:00,0.7,100,1800
20240108,09:19:01,0.7,50,1800
20240108,09:19:09,0.7,50,1800
20240108,09:19:14,0.7,50,1800
20240108,09:19:24,0.7,1050,1800
20240108,09:19:25,0.7,50,1800
20240108,09:19:27,0.7,50,1800
20240108,09:19:46,0.7,100,1800
20240108,09:19:49,0.7,50,1800
20240108,09:20:22,0.65,250,3800
20240108,09:20:36,0.65,250,3800
20240108,09:20:59,0.7,50,3800
20240108,09:21:04,0.75,250,3800
20240108,09:21:07,0.7,50,3800
20240108,09:21:08,0.7,250,3800
20240108,09:21:09,0.7,50,3800
20240108,09:21:11,0.7,50,3800
20240108,09:21:19,0.75,50,3800
20240108,09:21:28,0.75,50,3800
20240108,09:21:35,0.7,250,3800
20240108,09:21:58,0.7,100,3800
20240108,09:22:00,0.7,50,3800
20240108,09:22:02,0.7,100,3800
20240108,09:22:04,0.7,50,3800
20240108,09:22:08,0.65,50,3800
20240108,09:22:14,0.7,50,3800
20240108,09:22:17,0.65,1000,3800
20240108,09:23:16,0.7,350,3800
20240108,09:23:35,0.7,50,3800
20240108,09:24:01,0.7,50,4800
20240108,09:24:29,0.7,50,4800
20240108,09:24:48,0.7,150,4800
20240108,09:25:11,0.7,50,4800
20240108,09:25:11,0.7,100,4800
20240108,09:25:12,0.7,700,4800
20240108,09:25:13,0.7,1000,4800
20240108,09:25:14,0.7,2000,4800
20240108,09:25:15,0.7,100,4800
20240108,09:25:18,0.7,300,4800
20240108,09:25:18,0.7,800,4800
20240108,09:25:58,0.7,150,4800
20240108,09:26:03,0.7,150,4800
20240108,09:26:15,0.7,1950,4800
20240108,09:26:15,1.0,1800,4800
20240108,09:26:16,1.0,1400,4800
20240108,09:26:17,0.9,100,4800
20240108,09:26:23,0.75,600,13100
20240108,09:30:01,0.75,50,13100
20240108,09:30:46,0.75,50,13150
20240108,09:31:05,0.7,500,13150
20240108,09:31:06,0.7,750,13150
20240108,09:32:01,0.75,50,13150
20240108,09:32:14,0.75,50,13150
20240108,09:33:34,0.75,2050,13150
20240108,09:33:47,0.75,250,14150
20240108,09:34:28,0.8,50,14150
20240108,09:34:35,0.8,50,14150
20240108,09:34:43,0.75,300,14150
20240108,09:35:03,0.8,100,14150
20240108,09:35:10,0.75,50,14150
20240108,09:35:31,0.8,50,16150
20240108,09:35:52,0.8,400,16150
20240108,09:36:15,0.8,50,16150
20240108,09:36:20,0.8,50,16150
20240108,09:36:23,0.8,50,16150
20240108,09:37:02,0.8,50,16150
20240108,09:37:28,0.8,250,16150
20240108,09:37:32,0.8,250,16150
20240108,09:38:17,0.8,50,16150
20240108,09:39:01,0.75,50,17050
20240108,09:39:42,0.8,50,17050
20240108,09:39:55,0.75,50,17050
20240108,09:40:12,0.8,200,17050
20240108,09:40:56,0.8,100,17050
20240108,09:41:12,0.8,50,17050
20240108,09:41:24,0.8,50,17050
20240108,09:41:27,0.8,450,17450
20240108,09:41:34,0.8,50,17450
20240108,09:42:08,0.8,1800,17450
20240108,09:42:13,0.8,50,17450
20240108,09:42:18,0.85,200,17450
20240108,09:42:36,0.8,100,17450
20240108,09:42:54,0.75,50,17450
20240108,09:43:03,0.8,450,17450
20240108,09:43:07,0.8,50,17450
20240108,09:43:11,0.75,250,17450
20240108,09:44:13,0.75,800,17450
20240108,09:45:15,0.8,200,20800
20240108,09:45:59,0.8,200,20800
20240108,09:46:01,0.75,1800,20800
20240108,09:46:02,0.75,3450,20800
20240108,09:46:24,0.75,100,20800
20240108,09:46:24,0.75,50,20800
20240108,09:46:25,0.75,50,20800
20240108,09:46:27,0.75,350,20800
20240108,09:46:33,0.75,200,20800
20240108,09:46:49,0.7,50,20800
20240108,09:46:54,0.75,50,20800
20240108,09:46:55,0.75,50,20800
20240108,09:47:11,0.65,1800,20800
20240108,09:47:12,0.7,50,20800
20240108,09:47:18,0.7,300,20800
20240108,09:47:54,0.75,50,17650
20240108,09:47:55,0.75,250,17650
20240108,09:47:57,0.75,300,17650
20240108,09:48:03,0.75,50,17650
20240108,09:48:30,0.7,50,17650
20240108,09:49:15,0.75,50,17650
20240108,09:49:36,0.75,350,17650
20240108,09:49:50,0.75,50,17650
20240108,09:50:12,0.75,50,17650
20240108,09:50:17,0.7,50,17650
20240108,09:50:51,0.75,300,17800
20240108,09:51:08,0.75,250,17800
20240108,09:51:25,0.75,50,17800
20240108,09:51:27,0.75,200,17800
20240108,09:52:31,0.7,50,17800
20240108,09:53:11,0.65,600,17800
20240108,09:53:14,0.7,50,17800
20240108,09:53:21,0.75,600,17800
20240108,09:53:27,0.75,550,17800
20240108,09:54:24,0.75,100,18400
20240108,09:54:31,0.7,300,18400
20240108,09:54:56,0.75,200,18400
20240108,09:56:04,0.75,50,18400
20240108,09:56:16,0.7,50,18400
20240108,09:56:41,0.7,250,18400
20240108,09:56:45,0.7,50,18650
20240108,09:56:46,0.7,300,18650
20240108,09:57:00,0.75,50,18650
20240108,09:57:00,0.7,250,18650
20240108,09:57:05,0.7,200,18650
20240108,09:57:06,0.7,50,18650
20240108,09:57:07,0.7,50,18650
20240108,09:57:09,0.7,50,18650
20240108,09:57:28,0.75,1800,18650
20240108,09:58:07,0.7,50,18650
20240108,09:58:47,0.75,50,18650
20240108,09:59:03,0.75,50,18650
20240108,09:59:54,0.65,50,18650
20240108,09:59:55,0.7,250,20750
20240108,10:00:55,0.7,50,20750
20240108,10:00:56,0.7,900,20750
20240108,10:00:57,0.65,1050,20750
20240108,10:01:08,0.65,250,20750
20240108,10:01:14,0.65,500,20750
20240108,10:01:14,0.7,50,20750
20240108,10:01:19,0.65,500,20750
20240108,10:01:20,0.7,550,20750
20240108,10:02:13,0.65,1800,20750
20240108,10:02:53,0.7,50,16800
20240108,10:03:01,0.7,250,16800
20240108,10:03:01,0.7,300,16800
20240108,10:03:28,0.7,250,16800
20240108,10:03:30,0.7,50,16800
20240108,10:03:44,0.7,100,16800
20240108,10:03:51,0.65,50,16800
20240108,10:04:04,0.7,50,16800
20240108,10:04:05,0.7,50,16800
20240108,10:04:33,0.7,50,16800
20240108,10:04:51,0.7,250,16800
20240108,10:05:01,0.7,300,16800
20240108,10:05:58,0.7,250,17650
20240108,10:06:04,0.7,50,17650
20240108,10:06:52,0.7,50,17650
20240108,10:07:04,0.7,1500,17650
20240108,10:07:34,0.7,50,17650
20240108,10:08:16,0.7,50,17650
20240108,10:08:31,0.65,100,17650
20240108,10:08:32,0.65,250,19350
20240108,10:09:07,0.65,50,19350
20240108,10:11:52,0.7,100,19200
20240108,10:12:02,0.7,50,19200
20240108,10:12:09,0.7,50,19200
20240108,10:12:46,0.65,50,19200
20240108,10:13:28,0.7,550,19200
20240108,10:13:59,0.7,100,19200
20240108,10:15:04,0.7,500,20000
20240108,10:15:39,0.65,100,20000
20240108,10:16:08,0.65,100,20000
20240108,10:16:17,0.7,50,20000
20240108,10:17:06,0.7,750,20000
20240108,10:17:46,0.65,50,21050
20240108,10:17:50,0.7,750,21050
20240108,10:19:29,0.65,250,21050
20240108,10:19:36,0.7,350,21050
20240108,10:20:25,0.7,300,21050
20240108,10:20:27,0.7,150,21050
20240108,10:20:51,0.7,300,21500
20240108,10:21:14,0.7,400,21500
20240108,10:21:35,0.7,750,21500
20240108,10:21:55,0.7,50,21500
20240108,10:22:01,0.65,50,21500
20240108,10:22:44,0.65,50,21500
20240108,10:23:53,0.7,600,22350
20240108,10:24:17,0.85,5250,22350
20240108,10:24:18,0.7,100,22350
20240108,10:24:20,0.7,50,22350
20240108,10:24:26,0.75,200,22350
20240108,10:24:45,0.7,50,22350
20240108,10:24:52,0.8,50,22350
20240108,10:25:38,0.75,100,22350
20240108,10:26:52,0.75,50,27500
20240108,10:27:33,0.7,300,27500
20240108,10:27:34,0.75,250,27500
20240108,10:27:51,0.75,100,27500
20240108,10:27:52,0.7,400,27500
20240108,10:28:19,0.7,200,27500
20240108,10:28:27,0.75,50,27500
20240108,10:29:06,0.7,1500,27500
20240108,10:29:23,0.65,1800,27500
20240108,10:29:29,0.7,250,27500
20240108,10:30:00,0.7,500,27750
20240108,10:31:55,0.7,50,27750
20240108,10:32:08,0.7,50,27750
20240108,10:33:10,0.65,250,28600
20240108,10:33:23,0.7,650,28600
20240108,10:34:16,0.65,300,28600
20240108,10:34:19,0.65,300,28600
20240108,10:34:51,0.7,200,28600
20240108,10:35:07,0.7,50,28600
20240108,10:35:25,0.7,50,28600
20240108,10:35:30,0.75,150,28600
20240108,10:36:23,0.65,250,29550
20240108,10:36:45,0.7,50,29550
20240108,10:36:46,0.7,100,29550
20240108,10:36:49,0.7,100,29550
20240108,10:37:27,0.65,250,29550
20240108,10:38:30,0.65,250,30250
20240108,10:38:44,0.7,200,30250
20240108,10:38:55,0.65,200,30250
20240108,10:39:06,0.65,250,30250
20240108,10:39:11,0.65,350,30250
20240108,10:39:31,0.65,50,30250
20240108,10:39:41,0.7,400,30250
20240108,10:39:49,0.7,50,30250
20240108,10:39:58,0.75,50,30250
20240108,10:40:20,0.7,50,30250
20240108,10:41:16,0.7,50,30250
20240108,10:42:54,0.75,100,30250
20240108,10:43:54,0.7,5300,31250
20240108,10:44:00,0.75,50,31250
20240108,10:44:41,0.7,100,28250
20240108,10:44:59,0.7,50,28250
20240108,10:45:04,0.7,50,28250
20240108,10:46:18,0.75,50,28250
20240108,10:46:23,0.65,1200,28250
20240108,10:46:29,0.7,50,28250
20240108,10:46:39,0.7,100,28250
20240108,10:46:40,0.7,1700,28250
20240108,10:46:49,0.7,50,28250
20240108,10:47:17,0.7,50,28250
20240108,10:49:17,0.75,300,28700
20240108,10:49:33,0.75,50,28700
20240108,10:49:49,0.7,50,28700
20240108,10:49:58,0.7,500,28700
20240108,10:50:09,0.7,350,28700
20240108,10:50:39,0.75,50,28700
20240108,10:51:00,0.7,50,28650
20240108,10:52:35,0.75,50,28650
20240108,10:52:36,0.75,50,28650
20240108,10:52:55,0.75,50,28650
20240108,10:52:59,0.75,250,28650
20240108,10:54:16,0.7,350,28650
20240108,10:54:29,0.7,1550,29000
20240108,10:56:08,0.7,50,29000
20240108,10:56:14,0.75,300,29000
20240108,10:56:16,0.75,1850,29000
20240108,10:56:17,0.75,250,29000
20240108,10:56:21,0.75,250,29000
20240108,10:56:26,0.75,250,29000
20240108,11:01:43,0.75,100,30800
20240108,11:02:45,0.7,50,30900
20240108,11:03:24,0.75,50,30900
20240108,11:05:19,0.75,50,30900
20240108,11:05:59,0.75,200,31000
20240108,11:06:33,0.75,250,31000
20240108,11:06:34,0.75,250,31000
20240108,11:06:52,0.75,300,31000
20240108,11:06:57,0.75,250,31000
20240108,11:07:08,0.75,300,31000
20240108,11:07:10,0.75,350,31000
20240108,11:07:26,0.75,250,31000
20240108,11:07:30,0.75,100,31000
20240108,11:07:42,0.75,250,31000
20240108,11:07:52,0.75,250,31000
20240108,11:07:59,0.7,50,31000
20240108,11:08:02,0.75,300,31000
20240108,11:08:03,0.75,50,31000
20240108,11:08:13,0.75,300,31000
20240108,11:08:17,0.75,300,31000
20240108,11:08:26,0.75,250,31000
20240108,11:09:09,0.75,500,31000
20240108,11:09:09,0.75,300,31300
20240108,11:09:10,0.75,200,31300
20240108,11:09:20,0.8,250,31300
20240108,11:09:22,0.8,200,31300
20240108,11:09:41,0.75,650,31300
20240108,11:09:41,0.75,100,31300
20240108,11:09:53,0.75,500,31300
20240108,11:09:57,0.75,50,31300
20240108,11:10:02,0.75,50,31300
20240108,11:11:39,0.8,400,31300
20240108,11:12:14,0.7,50,31250
20240108,11:12:18,0.75,150,31250
20240108,11:12:21,0.75,250,31250
20240108,11:12:22,0.75,1150,31250
20240108,11:12:23,0.75,350,31250
20240108,11:12:56,0.75,650,31250
20240108,11:13:01,0.8,100,31250
20240108,11:13:26,0.75,50,31250
20240108,11:13:31,0.8,1800,31250
20240108,11:13:42,0.75,50,31250
20240108,11:14:29,0.8,1800,31250
20240108,11:14:29,0.8,200,31250
20240108,11:14:59,0.75,250,33450
20240108,11:15:11,0.75,250,33450
20240108,11:15:59,0.75,250,33450
20240108,11:16:04,0.8,200,33450
20240108,11:18:34,0.75,500,33450
20240108,11:19:29,0.8,50,33650
20240108,11:19:35,0.75,50,33650
20240108,11:19:44,0.75,250,33650
20240108,11:23:35,0.7,50,33650
20240108,11:23:44,0.7,50,33700
20240108,11:24:05,0.8,200,33700
20240108,11:24:58,0.7,50,33700
20240108,11:25:21,0.8,50,33700
20240108,11:25:25,0.8,200,33700
20240108,11:25:49,0.7,200,33700
20240108,11:26:15,0.75,50,33700
20240108,11:26:19,0.75,50,33700
20240108,11:26:21,0.75,100,33700
20240108,11:26:59,0.75,50,33700
20240108,11:27:16,0.75,350,34250
20240108,11:27:24,0.7,50,34250
20240108,11:27:27,0.7,50,34250
20240108,11:27:29,0.75,300,34250
20240108,11:27:30,0.75,300,34250
20240108,11:27:32,0.7,50,34250
20240108,11:27:33,0.7,50,34250
20240108,11:27:36,0.7,50,34250
20240108,11:27:42,0.7,300,34250
20240108,11:27:45,0.7,50,34250
20240108,11:27:45,0.75,650,34250
20240108,11:27:49,0.75,650,34250
20240108,11:27:50,0.75,150,34250
20240108,11:27:51,0.7,100,34250
20240108,11:28:37,0.75,2050,34250
20240108,11:28:46,0.75,250,34250
20240108,11:29:02,0.75,250,34250
20240108,11:29:45,0.75,350,34250
20240108,11:30:00,0.75,250,36700
20240108,11:30:02,0.75,50,36700
20240108,11:30:05,0.75,200,36700
20240108,11:31:28,0.75,100,36700
20240108,11:31:30,0.75,50,36700
20240108,11:31:31,0.75,100,36700
20240108,11:31:38,0.75,250,36700
20240108,11:31:51,0.75,250,36700
20240108,11:31:53,0.75,250,36700
20240108,11:31:54,0.75,250,36700
20240108,11:31:55,0.75,250,36700
20240108,11:31:56,0.75,500,36700
20240108,11:31:56,0.75,250,36700
20240108,11:31:58,0.75,250,36700
20240108,11:31:58,0.75,650,36700
20240108,11:31:59,0.75,150,36700
20240108,11:32:05,0.75,50,36700
20240108,11:32:27,0.75,50,36700
20240108,11:32:28,0.75,50,36700
20240108,11:32:56,0.75,50,37200
20240108,11:33:42,0.75,250,37200
20240108,11:34:22,0.75,50,37200
20240108,11:34:24,0.8,50,37200
20240108,11:34:43,0.75,50,37200
20240108,11:34:46,0.75,50,37200
20240108,11:34:59,0.75,300,37200
20240108,11:35:00,0.75,250,37200
20240108,11:36:08,0.75,250,37200
20240108,11:36:22,0.8,50,38100
20240108,11:36:25,0.75,50,38100
20240108,11:36:28,0.75,200,38100
20240108,11:36:28,0.75,50,38100
20240108,11:36:31,0.75,50,38100
20240108,11:36:35,0.8,50,38100
20240108,11:37:12,0.75,250,38100
20240108,11:37:26,0.75,50,38100
20240108,11:39:02,0.8,550,38950
20240108,11:39:39,0.75,800,38950
20240108,11:39:51,0.8,1200,38950
20240108,11:40:02,0.75,7500,38950
20240108,11:40:04,0.75,300,38950
20240108,11:40:05,0.75,750,38950
20240108,11:40:08,0.75,600,38950
20240108,11:40:13,0.75,300,38950
20240108,11:41:14,0.75,50,38950
20240108,11:41:35,0.75,250,38950
20240108,11:41:36,0.75,100,38950
20240108,11:43:02,0.7,250,47050
20240108,11:45:12,0.8,1000,47050
20240108,11:45:20,0.7,200,47050
20240108,11:45:55,0.7,2250,47050
20240108,11:46:07,0.75,950,47050
20240108,11:46:50,0.75,50,47050
20240108,11:46:58,0.75,50,47050
20240108,11:47:55,0.75,300,47050
20240108,11:48:00,0.75,100,47550
20240108,11:48:06,0.75,400,47550
20240108,11:49:10,0.7,50,47550
20240108,11:49:22,0.8,50,47550
20240108,11:49:25,0.75,100,47550
20240108,11:49:46,0.7,50,47550
20240108,11:49:56,0.75,250,47550
20240108,11:50:12,0.8,50,47550
20240108,11:50:24,0.8,50,47550
20240108,11:50:54,0.75,50,47550
20240108,11:51:07,0.75,50,47100
20240108,11:51:12,0.75,150,47100
20240108,11:51:22,0.75,200,47100
20240108,11:51:29,0.7,500,47100
20240108,11:51:30,0.7,500,47100
20240108,11:51:55,0.75,100,47100
20240108,11:52:21,0.75,300,47100
20240108,11:52:41,0.75,300,47100
20240108,11:52:42,0.75,300,47100
20240108,11:52:57,0.8,50,47100
20240108,11:53:31,0.75,50,47100
20240108,11:53:59,0.75,100,46000
20240108,11:54:39,0.8,250,46000
20240108,11:55:08,0.75,600,46000
20240108,11:55:12,0.8,250,46000
20240108,11:55:18,0.75,950,46000
20240108,11:55:26,0.8,500,46000
20240108,11:55:33,0.75,200,46000
20240108,11:55:38,0.8,500,46000
20240108,11:55:39,0.8,550,46000
20240108,11:56:04,0.8,50,46000
20240108,11:56:09,0.8,50,46000
20240108,11:56:10,0.8,100,46000
20240108,11:57:04,0.85,50,46800
20240108,11:57:32,0.8,900,46800
20240108,11:57:33,0.8,650,46800
20240108,11:57:34,0.8,50,46800
20240108,11:57:38,0.8,250,46800
20240108,11:57:42,0.8,350,46800
20240108,11:57:43,0.8,1450,46800
20240108,11:57:52,0.8,550,46800
20240108,11:57:57,0.8,100,46800
20240108,11:57:59,0.8,400,46800
20240108,11:58:02,0.85,250,46800
20240108,11:58:03,0.85,100,46800
20240108,11:58:05,0.85,300,46800
20240108,11:58:06,0.85,250,46800
20240108,11:58:07,0.85,300,46800
20240108,11:58:13,0.85,500,46800
20240108,11:58:17,0.8,450,46800
20240108,11:58:25,0.8,1800,46800
20240108,11:58:49,0.85,250,46800
20240108,11:58:58,0.8,650,46800
20240108,11:59:10,0.85,450,46800
20240108,11:59:11,0.85,50,46800
20240108,11:59:13,0.85,50,46800
20240108,11:59:16,0.85,1000,46800
20240108,11:59:31,0.9,50,46800
20240108,11:59:45,0.85,250,50550
20240108,12:00:03,0.8,200,50550
20240108,12:00:44,0.8,250,50550
20240108,12:02:17,0.75,300,50550
20240108,12:02:28,0.8,1500,50550
20240108,12:02:34,0.85,1500,50550
20240108,12:02:41,0.75,500,50550
20240108,12:02:48,0.85,1500,53450
20240108,12:02:48,0.8,50,53450
20240108,12:03:03,0.75,500,53450
20240108,12:03:30,0.85,300,53450
20240108,12:03:49,0.8,250,53450
20240108,12:03:49,0.8,200,53450
20240108,12:04:01,0.8,50,53450
20240108,12:04:04,0.8,300,53450
20240108,12:05:01,0.8,250,53450
20240108,12:05:04,0.8,300,53450
20240108,12:05:04,0.8,350,53450
20240108,12:05:08,0.8,150,53450
20240108,12:05:34,0.75,250,53450
20240108,12:06:15,0.8,200,53450
20240108,12:07:06,0.8,150,56050
20240108,12:07:35,0.75,50,56050
20240108,12:08:54,0.8,50,56350
20240108,12:09:33,0.75,50,56350
20240108,12:09:44,0.8,350,56350
20240108,12:09:46,0.75,250,56350
20240108,12:12:28,0.75,850,57000
20240108,12:13:38,0.8,50,57000
20240108,12:15:30,0.75,100,57900
20240108,12:15:52,0.75,550,57900
20240108,12:16:04,0.75,250,57900
20240108,12:16:05,0.75,200,57900
20240108,12:16:06,0.75,50,57900
20240108,12:16:10,0.7,500,57900
20240108,12:16:13,0.7,500,57900
20240108,12:16:21,0.7,100,57900
20240108,12:17:30,0.8,200,57900
20240108,12:19:13,0.75,50,57700
20240108,12:20:01,0.8,100,57700
20240108,12:21:05,0.8,100,57750
20240108,12:24:23,0.8,50,57750
20240108,12:29:52,0.75,50,57750
20240108,12:30:53,0.8,50,57800
20240108,12:31:53,0.75,250,57800
20240108,12:31:59,0.75,150,57800
20240108,12:33:32,0.7,300,57800
20240108,12:35:16,0.75,50,57750
20240108,12:36:03,0.7,300,57750
20240108,12:37:01,0.75,800,57800
20240108,12:39:50,0.75,50,57800
20240108,12:40:48,0.75,500,57300
20240108,12:41:17,0.75,1600,57300
20240108,12:41:22,0.75,50,57300
20240108,12:41:42,0.75,50,57300
20240108,12:42:03,0.75,600,56700
20240108,12:42:41,0.75,50,56700
20240108,12:42:46,0.75,150,56700
20240108,12:43:22,0.75,250,56700
20240108,12:46:49,0.8,200,56400
20240108,12:47:02,0.75,400,56400
20240108,12:47:37,0.75,250,56400
20240108,12:47:41,0.75,250,56400
20240108,12:48:00,0.75,250,56400
20240108,12:48:14,0.75,250,56400
20240108,12:48:30,0.75,50,56400
20240108,12:49:35,0.75,50,56400
20240108,12:53:14,0.8,1800,56300
20240108,12:54:41,0.8,50,56800
20240108,12:55:07,0.8,50,56800
20240108,12:55:10,0.75,50,56800
20240108,12:55:21,0.8,50,56800
20240108,12:55:50,0.8,50,56800
20240108,12:56:02,0.75,100,56800
20240108,12:57:38,0.75,450,56800
20240108,12:58:21,0.75,250,56850
20240108,12:58:25,0.75,450,56850
20240108,12:58:57,0.8,50,56850
20240108,13:00:03,0.75,350,56850
20240108,13:01:28,0.75,50,56700
20240108,13:06:17,0.75,50,56300
20240108,13:09:53,0.75,100,56250
20240108,13:11:02,0.75,500,56250
20240108,13:11:26,0.75,100,56250
20240108,13:12:31,0.75,250,56250
20240108,13:13:46,0.75,100,55650
20240108,13:13:59,0.8,50,55650
20240108,13:14:27,0.8,250,55650
20240108,13:15:09,0.75,50,55650
20240108,13:18:32,0.8,250,55700
20240108,13:19:12,0.75,150,55650
20240108,13:20:04,0.75,250,55650
20240108,13:20:13,0.8,250,55650
20240108,13:20:44,0.75,50,55650
20240108,13:20:45,0.8,50,55650
20240108,13:24:01,0.75,500,55950
20240108,13:24:42,0.8,50,55950
20240108,13:25:31,0.75,250,55950
20240108,13:26:34,0.75,250,55950
20240108,13:26:40,0.75,300,55950
20240108,13:26:48,0.75,250,55950
20240108,13:27:10,0.75,100,55950
20240108,13:28:00,0.75,50,56350
20240108,13:28:03,0.75,250,56350
20240108,13:28:04,0.75,50,56350
20240108,13:32:07,0.75,250,56800
20240108,13:32:08,0.75,50,56800
20240108,13:32:34,0.7,50,56800
20240108,13:33:08,0.75,250,57000
20240108,13:33:08,0.75,100,57000
20240108,13:33:10,0.75,200,57000
20240108,13:34:32,0.8,50,57000
20240108,13:35:12,0.75,250,57000
20240108,13:36:59,0.75,50,57000
20240108,13:38:05,0.8,50,56450
20240108,13:40:21,0.75,750,56450
20240108,13:42:42,0.75,800,55700
20240108,13:43:42,0.8,1150,55700
20240108,13:47:05,0.75,1050,57650
20240108,13:47:08,0.8,50,57650
20240108,13:48:26,0.75,50,57650
20240108,13:48:33,0.8,50,58700
20240108,13:50:03,0.75,150,58700
20240108,13:50:25,0.8,50,58700
20240108,13:51:00,0.75,50,58700
20240108,13:52:25,0.8,50,58750
20240108,13:53:01,0.8,50,58750
20240108,13:55:04,0.75,50,58800
20240108,13:56:25,0.75,250,58800
20240108,13:56:59,0.8,50,58800
20240108,13:57:42,0.75,50,58750
20240108,13:58:30,0.8,150,58750
20240108,13:59:48,0.75,450,58750
20240108,13:59:55,0.8,50,58750
20240108,13:59:59,0.75,50,58950
20240108,14:00:00,0.75,50,58950
20240108,14:00:02,0.75,250,58950
20240108,14:00:31,0.75,50,58950
20240108,14:00:40,0.75,250,58950
20240108,14:01:06,0.75,50,58950
20240108,14:04:57,0.75,50,58950
20240108,14:06:04,0.7,50,58750
20240108,14:11:31,0.75,50,58750
20240108,14:11:38,0.75,150,58750
20240108,14:12:26,0.7,50,58750
20240108,14:16:22,0.75,50,58750
20240108,14:16:28,0.7,50,58750
20240108,14:17:17,0.75,50,58750
20240108,14:17:25,0.7,300,58750
20240108,14:17:54,0.75,150,58750
20240108,14:19:56,0.7,50,58800
20240108,14:20:28,0.75,600,58800
20240108,14:23:32,0.7,50,58800
20240108,14:23:42,0.7,250,58800
20240108,14:24:35,0.75,50,59050
20240108,14:24:38,0.75,50,59050
20240108,14:25:01,0.7,750,59050
20240108,14:26:11,0.75,250,59050
20240108,14:26:41,0.75,250,59050
20240108,14:27:07,0.75,250,58300
20240108,14:27:22,0.75,250,58300
20240108,14:27:24,0.75,250,58300
20240108,14:27:25,0.75,100,58300
20240108,14:27:40,0.75,50,58300
20240108,14:28:09,0.75,400,58300
20240108,14:28:15,0.75,50,58300
20240108,14:28:30,0.7,600,58300
20240108,14:29:52,0.75,100,58300
20240108,14:29:53,0.75,50,58300
20240108,14:29:56,0.75,100,58300
20240108,14:30:32,0.75,150,58300
20240108,14:32:39,0.8,50,57550
20240108,14:33:12,0.8,50,57600
20240108,14:33:20,0.8,350,57600
20240108,14:33:21,0.8,250,57600
20240108,14:33:22,0.8,250,57600
20240108,14:33:23,0.8,250,57600
20240108,14:33:24,0.8,1750,57600
20240108,14:33:34,0.75,1150,57600
20240108,14:33:43,0.8,2850,57600
20240108,14:33:44,0.8,1800,57600
20240108,14:33:45,0.8,1800,57600
20240108,14:33:46,0.8,3600,57600
20240108,14:33:47,0.8,4200,57600
20240108,14:33:48,0.8,50,57600
20240108,14:33:52,0.8,1000,57600
20240108,14:33:54,0.85,50,57600
20240108,14:33:55,0.85,100,57600
20240108,14:34:03,0.85,50,57600
20240108,14:34:14,0.85,500,57600
20240108,14:34:40,0.85,50,57600
20240108,14:34:58,0.8,150,57600
20240108,14:35:26,0.8,3600,57600
20240108,14:35:27,0.8,100,57600
20240108,14:35:29,0.8,50,57600
20240108,14:35:31,0.8,800,57600
20240108,14:35:31,0.8,950,57600
20240108,14:35:33,0.8,300,57600
20240108,14:35:35,0.75,50,57600
20240108,14:35:36,0.8,900,57600
20240108,14:35:46,0.8,150,57600
20240108,14:35:50,0.8,50,57600
20240108,14:35:53,0.8,250,57600
20240108,14:35:54,0.8,250,57600
20240108,14:35:54,0.8,1900,57600
20240108,14:36:01,0.8,100,57600
20240108,14:36:01,0.75,100,57600
20240108,14:36:11,0.8,50,68600
20240108,14:36:14,0.8,800,68600
20240108,14:36:17,0.8,850,68600
20240108,14:36:18,0.85,1800,68600
20240108,14:36:45,0.8,250,68600
20240108,14:37:39,0.85,50,68600
20240108,14:37:41,0.8,250,68600
20240108,14:37:54,0.8,50,68600
20240108,14:38:07,0.85,200,68600
20240108,14:38:15,0.85,300,68600
20240108,14:38:23,0.8,200,68600
20240108,14:38:30,0.85,250,68600
20240108,14:38:31,0.8,50,68600
20240108,14:38:40,0.8,400,68600
20240108,14:38:48,0.85,150,68600
20240108,14:38:50,0.85,250,68600
20240108,14:38:53,0.85,250,68600
20240108,14:39:26,0.85,550,69100
20240108,14:39:32,0.85,1500,69100
20240108,14:39:57,0.8,450,69100
20240108,14:40:01,0.8,50,69100
20240108,14:40:35,0.85,150,69100
20240108,14:41:31,0.85,200,69100
20240108,14:42:40,0.8,50,69500
20240108,14:42:44,0.8,250,69500
20240108,14:43:37,0.85,500,69500
20240108,14:43:58,0.8,100,69500
20240108,14:45:41,0.85,250,69500
20240108,14:46:55,0.8,50,70400
20240108,14:47:17,0.85,700,70400
20240108,14:47:21,0.85,250,70400
20240108,14:47:52,0.85,3000,70400
20240108,14:48:06,0.85,250,71750
20240108,14:48:08,0.85,50,71750
20240108,14:48:09,0.85,250,71750
20240108,14:48:12,0.85,2000,71750
20240108,14:48:12,0.85,50,71750
20240108,14:48:17,0.85,250,71750
20240108,14:48:32,0.85,250,71750
20240108,14:48:50,0.85,200,71750
20240108,14:48:53,0.85,150,71750
20240108,14:49:04,0.85,50,71750
20240108,14:49:39,0.85,150,71750
20240108,14:50:05,0.85,50,71750
20240108,14:50:19,0.85,100,71750
20240108,14:50:57,0.8,100,71750
20240108,14:51:43,0.8,500,75450
20240108,14:51:58,0.8,50,75450
20240108,14:52:12,0.8,50,75450
20240108,14:52:40,0.8,50,75450
20240108,14:52:48,0.85,350,75450
20240108,14:52:59,0.85,350,75450
20240108,14:53:06,0.85,350,75450
20240108,14:53:14,0.85,50,75450
20240108,14:53:39,0.8,50,75450
20240108,14:53:40,0.85,50,75450
20240108,14:53:50,0.85,350,75450
20240108,14:54:01,0.8,50,75450
20240108,14:54:10,0.85,100,76150
20240108,14:54:12,0.85,500,76150
20240108,14:54:14,0.85,500,76150
20240108,14:54:31,0.8,50,76150
20240108,14:54:39,0.85,50,76150
20240108,14:54:48,0.85,1950,76150
20240108,14:54:57,0.85,550,76150
20240108,14:54:59,0.85,400,76150
20240108,14:55:00,0.85,500,76150
20240108,14:55:01,0.85,500,76150
20240108,14:55:02,0.85,100,76150
20240108,14:55:09,0.85,250,76150
20240108,14:55:24,0.85,100,76150
20240108,14:55:27,0.85,250,76150
20240108,14:56:09,0.85,50,76150
20240108,14:56:13,0.85,50,76150
20240108,14:56:15,0.85,250,76150
20240108,14:56:29,0.85,650,76150
20240108,14:56:36,0.85,50,76150
20240108,14:56:40,0.85,300,76150
20240108,14:56:50,0.85,400,76150
20240108,14:56:53,0.85,400,76150
20240108,14:56:56,0.85,400,76150
20240108,14:57:08,0.85,300,76150
20240108,14:57:49,0.85,50,73250
20240108,14:57:53,0.85,50,73250
20240108,14:58:24,0.9,350,73250
20240108,14:58:40,0.85,50,73250
20240108,14:59:14,0.9,500,73250
20240108,14:59:14,0.9,300,73250
20240108,14:59:18,0.9,150,73250
20240108,14:59:34,0.9,1650,73250
20240108,14:59:35,0.85,1500,73250
20240108,14:59:40,0.85,1500,73250
20240108,14:59:41,0.9,150,73250
20240108,14:59:45,0.9,3000,73250
20240108,14:59:50,0.85,1500,73250
20240108,14:59:51,0.9,1000,73250
20240108,14:59:56,0.9,50,73250
20240108,15:00:03,0.9,700,73250
20240108,15:00:03,0.9,1500,73250
20240108,15:00:05,0.9,500,73250
20240108,15:00:06,0.9,1500,68250
20240108,15:00:13,0.9,150,68250
20240108,15:00:17,0.9,50,68250
20240108,15:00:22,0.9,50,68250
20240108,15:00:57,0.9,250,68250
20240108,15:01:33,0.85,100,68250
20240108,15:02:00,0.9,300,68250
20240108,15:02:01,0.9,800,68250
20240108,15:02:02,0.9,50,68250
20240108,15:02:04,0.9,50,68250
20240108,15:02:05,0.9,300,68250
20240108,15:02:06,0.9,150,68250
20240108,15:02:08,0.9,150,68250
20240108,15:02:08,0.9,1450,68250
20240108,15:03:16,0.95,100,68100
20240108,15:03:17,0.95,50,68100
20240108,15:03:47,0.95,50,68100
20240108,15:04:10,0.95,50,68100
20240108,15:04:13,0.95,2050,68100
20240108,15:04:14,0.95,1200,68100
20240108,15:04:15,0.95,100,68100
20240108,15:04:20,0.95,50,68100
20240108,15:04:27,0.95,100,68100
20240108,15:04:55,0.95,300,68100
20240108,15:05:05,0.95,350,68100
20240108,15:05:15,0.9,50,68100
20240108,15:05:22,0.9,200,68100
20240108,15:05:24,0.9,700,68100
20240108,15:05:25,0.9,500,68100
20240108,15:05:27,0.9,600,68100
20240108,15:05:28,0.9,100,68100
20240108,15:05:40,0.9,1200,68100
20240108,15:05:40,0.9,50,68100
20240108,15:05:42,0.9,250,68100
20240108,15:05:44,0.9,50,68100
20240108,15:05:49,0.9,50,68100
20240108,15:05:50,0.95,300,68100
20240108,15:05:53,0.9,100,68100
20240108,15:05:55,0.9,100,68100
20240108,15:05:58,0.9,100,68100
20240108,15:06:00,0.95,300,68100
20240108,15:06:03,0.95,50,68100
20240108,15:06:10,0.95,100,66950
20240108,15:06:12,1.0,150,66950
20240108,15:06:23,0.9,1200,66950
20240108,15:06:29,0.95,200,66950
20240108,15:06:55,0.95,250,66950
20240108,15:07:00,0.95,200,66950
20240108,15:08:03,0.9,150,66950
20240108,15:08:07,0.9,50,66950
20240108,15:08:11,0.9,200,66950
20240108,15:08:12,0.9,250,66950
20240108,15:08:26,0.9,50,66950
20240108,15:08:27,0.95,100,66950
20240108,15:08:31,1.0,1000,66950
20240108,15:08:50,0.95,100,66950
20240108,15:09:04,1.0,250,66950
20240108,15:09:05,1.0,800,66950
20240108,15:09:06,1.0,500,66950
20240108,15:09:07,0.95,800,66950
20240108,15:09:08,0.95,650,67700
20240108,15:09:10,1.0,500,67700
20240108,15:09:11,1.0,550,67700
20240108,15:09:12,1.0,500,67700
20240108,15:09:12,0.95,350,67700
20240108,15:09:13,0.95,800,67700
20240108,15:09:25,1.0,1000,67700
20240108,15:09:26,1.0,300,67700
20240108,15:09:29,0.95,50,67700
20240108,15:10:02,0.95,1000,67700
20240108,15:10:05,0.95,250,67700
20240108,15:10:05,0.95,500,67700
20240108,15:10:07,0.95,500,67700
20240108,15:10:08,0.95,1050,67700
20240108,15:10:09,0.95,500,67700
20240108,15:10:48,1.0,500,67700
20240108,15:10:49,0.95,100,67700
20240108,15:10:50,0.95,50,67700
20240108,15:11:02,0.95,50,67700
20240108,15:11:03,0.95,50,67700
20240108,15:11:04,0.95,100,67700
20240108,15:11:11,1.0,550,67700
20240108,15:11:17,1.0,250,67700
20240108,15:11:19,1.0,50,67700
20240108,15:11:23,1.05,300,67700
20240108,15:11:25,1.05,250,67700
20240108,15:11:28,1.05,500,67700
20240108,15:11:29,1.0,50,67700
20240108,15:11:37,1.0,250,67700
20240108,15:11:42,1.05,350,67700
20240108,15:11:43,1.0,250,67700
20240108,15:11:48,1.05,900,67700
20240108,15:12:01,1.05,450,67700
20240108,15:12:03,1.1,1800,67700
20240108,15:12:05,1.05,250,67700
20240108,15:12:06,1.05,500,67700
20240108,15:12:07,1.05,100,67700
20240108,15:12:08,1.05,100,69250
20240108,15:12:10,1.05,250,69250
20240108,15:12:10,1.05,300,69250
20240108,15:12:11,1.1,250,69250
20240108,15:12:16,1.05,50,69250
20240108,15:12:38,1.05,400,69250
20240108,15:12:50,1.05,300,69250
20240108,15:12:51,1.05,100,69250
20240108,15:12:53,1.05,400,69250
20240108,15:12:54,1.05,700,69250
20240108,15:12:54,1.1,300,69250
20240108,15:12:55,1.05,350,69250
20240108,15:12:57,1.1,750,69250
20240108,15:12:57,1.1,250,69250
20240108,15:12:59,1.1,500,69250
20240108,15:13:01,1.1,300,69250
20240108,15:13:03,1.1,550,69250
20240108,15:13:03,1.1,450,69250
20240108,15:13:05,1.1,850,69250
20240108,15:13:08,1.05,50,69250
20240108,15:13:11,1.1,50,69250
20240108,15:13:14,1.1,50,69250
20240108,15:13:16,1.1,50,69250
20240108,15:14:08,1.05,100,69250
20240108,15:14:13,1.05,50,69250
20240108,15:14:23,1.1,50,69250
20240108,15:14:52,1.05,100,69250
20240108,15:15:01,1.1,1250,69250
20240108,15:15:04,1.1,900,69250
20240108,15:15:06,1.05,500,69250
20240108,15:15:08,1.05,500,69250
20240108,15:15:09,1.05,1500,70600
20240108,15:15:10,1.1,50,70600
20240108,15:15:13,1.1,100,70600
20240108,15:15:14,1.1,100,70600
20240108,15:15:15,1.1,550,70600
20240108,15:15:26,1.05,500,70600
20240108,15:15:30,1.05,250,70600
20240108,15:15:31,1.1,1000,70600
20240108,15:15:34,1.05,250,70600
20240108,15:15:35,1.05,550,70600
20240108,15:15:37,1.05,1000,70600
20240108,15:15:38,1.05,800,70600
20240108,15:15:40,1.05,250,70600
20240108,15:15:42,1.05,250,70600
20240108,15:15:50,1.1,1000,70600
20240108,15:15:59,1.1,50,70600
20240108,15:16:03,1.1,200,70600
20240108,15:16:08,1.05,150,70600
20240108,15:16:32,1.1,100,70600
20240108,15:16:34,1.05,50,70600
20240108,15:16:36,1.1,1500,70600
20240108,15:16:43,1.1,50,70600
20240108,15:16:45,1.05,1650,70600
20240108,15:16:50,1.1,100,70600
20240108,15:16:51,1.05,1000,70600
20240108,15:16:52,1.1,50,70600
20240108,15:16:58,1.1,100,70600
20240108,15:17:01,1.1,100,70600
20240108,15:17:02,1.1,1900,70600
20240108,15:17:09,1.1,200,70600
20240108,15:17:13,1.1,100,70600
20240108,15:17:16,1.1,1000,70600
20240108,15:17:19,1.1,100,70600
20240108,15:17:22,1.1,50,70600
20240108,15:17:25,1.1,100,70600
20240108,15:17:29,1.1,200,70600
20240108,15:17:47,1.1,400,70600
20240108,15:17:50,1.1,50,70600
20240108,15:17:54,1.1,550,70600
20240108,15:18:00,1.1,250,70600
20240108,15:18:01,1.1,50,70600
20240108,15:18:02,1.1,450,70600
20240108,15:18:09,1.1,550,72700
20240108,15:18:10,1.1,650,72700
20240108,15:18:11,1.1,1050,72700
20240108,15:18:16,1.15,350,72700
20240108,15:18:17,1.1,50,72700
20240108,15:18:39,1.15,50,72700
20240108,15:18:42,1.15,50,72700
20240108,15:18:43,1.15,50,72700
20240108,15:18:48,1.15,200,72700
20240108,15:18:52,1.15,50,72700
20240108,15:18:53,1.15,150,72700
20240108,15:18:54,1.15,250,72700
20240108,15:18:56,1.15,200,72700
20240108,15:18:58,1.15,50,72700
20240108,15:19:03,1.15,1450,72700
20240108,15:19:07,1.15,900,72700
20240108,15:19:20,1.15,250,72700
20240108,15:19:22,1.2,1500,72700
20240108,15:19:23,1.15,200,72700
20240108,15:19:40,1.2,50,72700
20240108,15:19:45,1.2,50,72700
20240108,15:19:46,1.2,100,72700
20240108,15:19:54,1.2,1450,72700
20240108,15:19:55,1.2,100,72700
20240108,15:20:08,1.2,100,72700
20240108,15:20:14,1.2,350,72700
20240108,15:20:16,1.2,100,72700
20240108,15:20:21,1.2,2550,72700
20240108,15:20:21,1.2,150,72700
20240108,15:20:27,1.2,50,72700
20240108,15:20:39,1.25,200,72700
20240108,15:20:47,1.25,100,72700
20240108,15:20:57,1.25,50,72700
20240108,15:21:02,1.25,1800,72700
20240108,15:21:06,1.25,100,72700
20240108,15:21:11,1.2,250,78900
20240108,15:21:31,1.2,250,78900
20240108,15:21:54,1.2,400,78900
20240108,15:21:58,1.2,50,78900
20240108,15:22:45,1.25,250,78900
20240108,15:22:52,1.25,600,78900
20240108,15:23:01,1.2,50,78900
20240108,15:23:11,1.25,1550,78900
20240108,15:23:19,1.2,50,78900
20240108,15:23:40,1.25,200,78900
20240108,15:23:43,1.2,600,78900
20240108,15:23:44,1.2,300,78900
20240108,15:23:55,1.25,450,78900
20240108,15:24:00,1.25,1800,78900
20240108,15:24:01,1.25,50,78900
20240108,15:24:05,1.25,1000,78900
20240108,15:24:07,1.2,500,78900
20240108,15:24:11,1.2,50,76150
20240108,15:24:13,1.2,350,76150
20240108,15:24:41,1.25,1500,76150
20240108,15:24:42,1.2,200,76150
20240108,15:24:46,1.2,1000,76150
20240108,15:24:58,1.2,400,76150
20240108,15:25:11,1.25,50,76150
20240108,15:25:15,1.25,100,76150
20240108,15:25:33,1.25,2750,76150
20240108,15:25:34,1.25,250,76150
20240108,15:25:36,1.25,250,76150
20240108,15:25:37,1.25,2800,76150
20240108,15:25:38,1.25,350,76150
20240108,15:25:40,1.25,250,76150
20240108,15:25:41,1.25,1350,76150
20240108,15:25:42,1.25,2200,76150
20240108,15:25:45,1.25,100,76150
20240108,15:25:49,1.2,100,76150
20240108,15:25:50,1.2,50,76150
20240108,15:25:51,1.2,1950,76150
20240108,15:25:52,1.25,100,76150
20240108,15:25:54,1.25,400,76150
20240108,15:25:55,1.2,50,76150
20240108,15:25:57,1.2,2900,76150
20240108,15:25:59,1.2,50,76150
20240108,15:26:00,1.2,100,76150
20240108,15:26:03,1.15,1850,76150
20240108,15:26:10,1.2,500,76150
20240108,15:26:13,1.2,1000,76150
20240108,15:26:14,1.2,300,76150
20240108,15:26:15,1.2,1050,76150
20240108,15:26:17,1.2,50,76150
20240108,15:26:21,1.25,100,76150
20240108,15:26:24,1.2,650,76150
20240108,15:26:26,1.2,1000,76150
20240108,15:26:27,1.2,250,76150
20240108,15:26:30,1.2,2250,76150
20240108,15:26:31,1.2,300,76150
20240108,15:26:42,1.25,550,76150
20240108,15:26:45,1.25,500,76150
20240108,15:26:54,1.25,500,76150
20240108,15:26:55,1.25,650,76150
20240108,15:27:05,1.25,50,76150
20240108,15:27:06,1.25,600,76150
20240108,15:27:07,1.25,50,76150
20240108,15:27:16,1.2,1800,76150
20240108,15:27:19,1.25,150,83900
20240108,15:27:30,1.2,1000,83900
20240108,15:27:33,1.2,200,83900
20240108,15:27:38,1.2,4150,83900
20240108,15:27:48,1.25,150,83900
20240108,15:27:52,1.2,1400,83900
20240108,15:27:53,1.2,250,83900
20240108,15:27:54,1.2,150,83900
20240108,15:28:00,1.2,50,83900
20240108,15:28:04,1.2,50,83900
20240108,15:28:09,1.2,50,83900
20240108,15:28:17,1.2,100,83900
20240108,15:28:18,1.2,200,83900
20240108,15:28:27,1.2,350,83900
20240108,15:28:31,1.25,700,83900
20240108,15:28:34,1.25,50,83900
20240108,15:28:40,1.25,1000,83900
20240108,15:28:43,1.25,100,83900
20240108,15:28:45,1.2,150,83900
20240108,15:28:48,1.2,100,83900
20240108,15:28:55,1.25,50,83900
20240108,15:28:55,1.25,2600,83900
20240108,15:28:57,1.25,200,83900
20240108,15:28:58,1.2,100,83900
20240108,15:29:03,1.2,150,83900
20240108,15:29:03,1.2,1350,83900
20240108,15:29:06,1.2,50,83900
20240108,15:29:08,1.2,100,83900
20240108,15:29:09,1.2,1500,83900
20240108,15:29:10,1.15,250,83900
20240108,15:29:12,1.2,200,83900
20240108,15:29:13,1.2,250,83900
20240108,15:29:14,1.2,200,83900
20240108,15:29:15,1.2,800,83900
20240108,15:29:16,1.25,50,83900
20240108,15:29:17,1.25,50,83900
20240108,15:29:20,1.2,700,83900
20240108,15:29:21,1.2,100,83900
20240108,15:29:22,1.25,1500,83900
20240108,15:29:23,1.2,300,83900
20240108,15:29:24,1.2,300,83900
20240108,15:29:25,1.2,50,83900
20240108,15:29:26,1.2,1050,83900
20240108,15:29:27,1.25,800,83900
20240108,15:29:28,1.2,300,83900
20240108,15:29:29,1.2,1000,83900
20240108,15:29:32,1.2,1000,83900
20240108,15:29:33,1.2,600,83900
20240108,15:29:34,1.2,650,83900
20240108,15:29:35,1.15,1250,83900
20240108,15:29:36,1.2,200,83900
20240108,15:29:37,1.15,300,83900
20240108,15:29:38,1.15,200,83900
20240108,15:29:39,1.15,1500,83900
20240108,15:29:40,1.15,50,83900
20240108,15:29:42,1.2,700,83900
20240108,15:29:44,1.2,50,83900
20240108,15:29:45,1.2,400,83900
20240108,15:29:49,1.2,50,83900
20240108,15:29:52,1.0,1650,83900
20240109,09:15:01,1.0,1,95800
20240109,09:15:01,1.0,450,95800
20240109,09:15:02,1.0,50,95800
20240109,09:15:04,1.0,1400,95800
20240109,09:15:05,0.9,100,95800
20240109,09:15:06,0.9,450,95800
20240109,09:15:07,1.0,2850,95800
20240109,09:15:08,1.0,1200,95800
20240109,09:15:09,1.0,750,95800
20240109,09:15:10,1.0,400,95800
20240109,09:15:11,1.0,150,95800
20240109,09:15:12,0.9,200,95800
20240109,09:15:13,0.95,400,95800
20240109,09:15:16,0.9,600,95800
20240109,09:15:17,0.85,500,95800
20240109,09:15:19,0.85,150,95800
20240109,09:15:20,0.9,250,95800
20240109,09:15:21,0.9,50,95800
20240109,09:15:22,0.9,150,95800
20240109,09:15:23,0.9,1800,95800
20240109,09:15:31,0.85,350,95800
20240109,09:15:32,0.85,150,95800
20240109,09:15:33,0.8,1550,95800
20240109,09:15:37,0.8,50,95800
20240109,09:15:39,0.8,150,95800
20240109,09:15:43,0.8,1050,95800
20240109,09:15:45,0.8,450,95800
20240109,09:15:48,0.8,250,95800
20240109,09:15:48,0.8,600,95800
20240109,09:15:50,0.8,50,95800
20240109,09:15:52,0.8,1800,95800
20240109,09:15:54,0.75,50,95800
20240109,09:15:57,0.75,100,95800
20240109,09:16:00,0.7,550,95800
20240109,09:16:01,0.7,50,95800
20240109,09:16:02,0.75,50,95800
20240109,09:16:03,0.75,50,95800
20240109,09:16:06,0.8,50,95800
20240109,09:16:08,0.75,50,95800
20240109,09:16:13,0.75,400,95800
20240109,09:16:26,0.8,50,95800
20240109,09:16:30,0.75,50,95800
20240109,09:16:31,0.75,100,95800
20240109,09:16:32,0.75,600,95800
20240109,09:16:38,0.7,1800,95800
20240109,09:16:47,0.75,1800,95800
20240109,09:16:50,0.7,150,95800
20240109,09:16:50,0.75,50,95800
20240109,09:16:51,0.75,50,95800
20240109,09:16:52,0.7,1800,95800
20240109,09:16:53,0.7,1800,95800
20240109,09:17:02,0.7,50,95800
20240109,09:17:03,0.75,100,95800
20240109,09:17:24,0.75,2650,95800
20240109,09:17:43,0.75,50,99500
20240109,09:17:48,0.75,1150,99500
20240109,09:17:58,0.7,1000,99500
20240109,09:18:07,0.7,50,99500
20240109,09:18:14,0.75,250,99500
20240109,09:18:24,0.75,1000,99500
20240109,09:18:29,0.75,100,99500
20240109,09:18:33,0.75,100,99500
20240109,09:18:34,0.75,50,99500
20240109,09:18:42,0.7,150,99500
20240109,09:19:05,0.7,250,99500
20240109,09:19:10,0.7,1800,99500
20240109,09:19:16,0.7,1500,99500
20240109,09:19:18,0.75,700,99500
20240109,09:19:20,0.7,650,99500
20240109,09:19:22,0.7,50,99500
20240109,09:19:26,0.7,50,99500
20240109,09:19:27,0.7,1500,99500
20240109,09:19:29,0.7,350,99500
20240109,09:19:30,0.7,400,99500
20240109,09:19:54,0.7,1800,99500
20240109,09:19:59,0.7,1800,99500
20240109,09:19:59,0.75,1050,99500
20240109,09:20:03,0.7,50,99500
20240109,09:20:12,0.7,50,99500
20240109,09:20:13,0.7,550,99500
20240109,09:20:13,0.7,600,99500
20240109,09:20:25,0.7,250,99500
20240109,09:20:27,0.65,100,107150
20240109,09:20:41,0.65,50,107150
20240109,09:20:44,0.65,50,107150
20240109,09:20:59,0.7,50,107150
20240109,09:21:13,0.7,100,107150
20240109,09:21:30,0.7,250,107150
20240109,09:21:32,0.7,50,107150
20240109,09:21:35,0.7,250,107150
20240109,09:21:40,0.7,500,107150
20240109,09:21:48,0.7,50,107150
20240109,09:21:55,0.7,250,107150
20240109,09:22:03,0.7,50,107150
20240109,09:22:07,0.7,50,107150
20240109,09:22:25,0.7,3000,107150
20240109,09:22:27,0.65,300,107150
20240109,09:22:28,0.65,500,107150
20240109,09:22:34,0.7,1800,107150
20240109,09:22:35,0.7,1700,107150
20240109,09:22:35,0.7,1800,107150
20240109,09:22:36,0.7,3600,107150
20240109,09:22:37,0.7,3600,107150
20240109,09:23:04,0.7,50,107150
20240109,09:23:11,0.7,50,107150
20240109,09:23:14,0.7,50,107150
20240109,09:23:20,0.7,50,107150
20240109,09:24:02,0.65,50,121900
20240109,09:24:03,0.7,50,121900
20240109,09:24:18,0.7,50,121900
20240109,09:24:24,0.65,100,121900
20240109,09:24:34,0.7,50,121900
20240109,09:24:41,0.65,50,121900
20240109,09:24:48,0.65,1500,121900
20240109,09:24:55,0.7,100,121900
20240109,09:25:20,0.7,50,121900
20240109,09:25:20,0.65,300,121900
20240109,09:25:25,0.65,250,121900
20240109,09:25:26,0.65,300,121900
20240109,09:25:35,0.65,50,121900
20240109,09:25:40,0.65,300,121900
20240109,09:25:41,0.65,250,121900
20240109,09:25:43,0.7,400,121900
20240109,09:25:49,0.6,6350,121900
20240109,09:25:50,0.6,3500,121900
20240109,09:25:51,0.6,3600,121900
20240109,09:26:06,0.6,35700,121900
20240109,09:26:07,0.7,9050,121900
20240109,09:26:14,0.65,150,121900
20240109,09:26:22,0.7,550,121900
20240109,09:26:25,0.65,1050,121900
20240109,09:26:26,0.65,50,142550
20240109,09:26:28,0.7,50,142550
20240109,09:26:38,0.65,50,142550
20240109,09:26:52,0.65,100,142550
20240109,09:26:53,0.65,50,142550
20240109,09:26:55,0.7,50,142550
20240109,09:27:06,0.7,100,142550
20240109,09:27:36,0.65,100,142550
20240109,09:27:54,0.7,100,142550
20240109,09:27:56,0.65,300,142550
20240109,09:27:57,0.65,650,142550
20240109,09:27:59,0.65,350,142550
20240109,09:28:01,0.65,250,142550
20240109,09:28:13,0.65,250,142550
20240109,09:28:22,0.65,750,142550
20240109,09:28:23,0.65,50,142550
20240109,09:28:39,0.65,200,142550
20240109,09:28:43,0.65,1500,142550
20240109,09:28:44,0.7,50,142550
20240109,09:28:50,0.65,50,142550
20240109,09:28:51,0.7,100,142550
20240109,09:28:57,0.65,50,142550
20240109,09:29:01,0.65,850,142550
20240109,09:29:02,0.65,850,142550
20240109,09:29:03,0.65,450,142550
20240109,09:29:07,0.65,1450,142550
20240109,09:29:08,0.65,3750,142550
20240109,09:29:15,0.65,100,142550
20240109,09:29:16,0.6,50,142550
20240109,09:29:17,0.65,150,142550
20240109,09:29:28,0.6,550,146300
20240109,09:29:30,0.65,50,146300
20240109,09:29:34,0.6,100,146300
20240109,09:29:37,0.65,50,146300
20240109,09:29:38,0.6,150,146300
20240109,09:29:42,0.6,150,146300
20240109,09:29:49,0.6,150,146300
20240109,09:29:50,0.6,100,146300
20240109,09:29:53,0.65,1800,146300
20240109,09:29:54,0.65,1800,146300
20240109,09:29:56,0.6,150,146300
20240109,09:30:06,0.6,150,146300
20240109,09:30:12,0.65,50,146300
20240109,09:30:21,0.65,50,146300
20240109,09:30:22,0.6,300,146300
20240109,09:30:24,0.6,1500,146300
20240109,09:30:25,0.6,1500,146300
20240109,09:30:34,0.6,50,146300
20240109,09:30:38,0.6,100,146300
20240109,09:30:42,0.6,200,146300
20240109,09:30:49,0.6,200,146300
20240109,09:30:52,0.6,250,146300
20240109,09:30:54,0.65,300,146300
20240109,09:31:04,0.65,50,146300
20240109,09:31:17,0.6,200,146300
20240109,09:31:21,0.65,50,146300
20240109,09:31:42,0.65,400,146300
20240109,09:31:46,0.65,350,146300
20240109,09:32:01,0.6,200,146300
20240109,09:32:06,0.65,400,146300
20240109,09:32:08,0.6,300,146300
20240109,09:32:49,0.65,100,146100
20240109,09:33:07,0.6,300,146100
20240109,09:33:19,0.65,500,146100
20240109,09:33:24,0.65,50,146100
20240109,09:33:52,0.65,200,146100
20240109,09:33:58,0.6,50,146100
20240109,09:34:05,0.65,100,146100
20240109,09:34:30,0.65,150,146100
20240109,09:34:32,0.65,500,146100
20240109,09:34:38,0.65,50,146100
20240109,09:34:46,0.65,150,146100
20240109,09:34:49,0.65,1800,146100
20240109,09:34:50,0.65,1800,146100
20240109,09:34:51,0.65,15300,146100
20240109,09:34:52,0.65,3600,146100
20240109,09:34:53,0.65,1800,146100
20240109,09:34:54,0.65,400,146100
20240109,09:35:08,0.65,200,146100
20240109,09:35:09,0.6,150,146100
20240109,09:35:26,0.6,950,146100
20240109,09:35:28,0.65,2100,155850
20240109,09:35:31,0.65,1800,155850
20240109,09:35:33,0.6,100,155850
20240109,09:35:38,0.65,1500,155850
20240109,09:35:39,0.6,400,155850
20240109,09:35:41,0.6,300,155850
20240109,09:35:42,0.6,300,155850
20240109,09:35:45,0.6,600,155850
20240109,09:35:46,0.6,300,155850
20240109,09:35:49,0.6,50,155850
20240109,09:35:50,0.6,300,155850
20240109,09:35:51,0.6,1150,155850
20240109,09:35:55,0.6,250,155850
20240109,09:35:56,0.6,50,155850
20240109,09:35:57,0.6,950,155850
20240109,09:35:58,0.6,650,155850
20240109,09:36:07,0.6,300,155850
20240109,09:36:12,0.6,300,155850
20240109,09:36:15,0.65,50,155850
20240109,09:36:17,0.6,300,155850
20240109,09:36:23,0.6,50,155850
20240109,09:36:26,0.65,3050,155850
20240109,09:36:27,0.65,8350,155850
20240109,09:36:42,0.65,50,155850
20240109,09:36:59,0.7,50,155850
20240109,09:37:16,0.7,150,155850
20240109,09:37:27,0.7,200,155850
20240109,09:37:46,0.65,1550,155850
20240109,09:37:48,0.65,2200,155850
20240109,09:37:49,0.65,1000,155850
20240109,09:37:53,0.7,100,155850
20240109,09:37:55,0.65,1800,155850
20240109,09:38:02,0.7,50,155850
20240109,09:38:21,0.7,50,155850
20240109,09:38:37,0.65,50,155850
20240109,09:38:44,0.7,300,151450
20240109,09:38:47,0.65,50,151450
20240109,09:38:49,0.65,600,151450
20240109,09:38:55,0.65,2450,151450
20240109,09:38:59,0.65,550,151450
20240109,09:39:00,0.65,1800,151450
20240109,09:39:02,0.65,1550,151450
20240109,09:39:03,0.65,1800,151450
20240109,09:39:04,0.65,1800,151450
20240109,09:39:05,0.65,1150,151450
20240109,09:40:02,0.65,50,151450
20240109,09:40:04,0.65,500,151450
20240109,09:40:21,0.65,350,151450
20240109,09:41:01,0.6,50,151450
20240109,09:41:06,0.65,1400,151450
20240109,09:41:07,0.65,250,151450
20240109,09:41:14,0.65,650,151450
20240109,09:41:16,0.65,250,151450
20240109,09:41:25,0.65,450,151450
20240109,09:41:25,0.65,600,151450
20240109,09:41:26,0.65,650,151450
20240109,09:41:27,0.65,350,151450
20240109,09:41:28,0.65,500,155700
20240109,09:41:32,0.65,250,155700
20240109,09:41:34,0.65,450,155700
20240109,09:41:36,0.65,50,155700
20240109,09:42:07,0.65,500,155700
20240109,09:42:22,0.65,50,155700
20240109,09:42:23,0.65,100,155700
20240109,09:42:29,0.65,50,155700
20240109,09:42:32,0.65,150,155700
20240109,09:42:38,0.7,100,155700
20240109,09:42:54,0.65,350,155700
20240109,09:42:55,0.7,100,155700
20240109,09:42:58,0.65,450,155700
20240109,09:43:01,0.65,400,155700
20240109,09:43:12,0.65,350,155700
20240109,09:43:18,0.65,50,155700
20240109,09:43:21,0.7,150,155700
20240109,09:43:27,0.65,100,155700
20240109,09:43:43,0.65,1500,155700
20240109,09:43:45,0.65,250,155700
20240109,09:43:56,0.65,2400,155700
20240109,09:44:34,0.7,50,155700
20240109,09:44:56,0.65,50,155400
20240109,09:45:14,0.7,350,155400
20240109,09:45:40,0.65,500,155400
20240109,09:45:42,0.7,1800,155400
20240109,09:45:43,0.7,50,155400
20240109,09:46:11,0.65,50,155400
20240109,09:46:33,0.65,1800,155400
20240109,09:46:38,0.65,100,155400
20240109,09:46:41,0.65,50,155400
20240109,09:46:42,0.65,100,155400
20240109,09:46:44,0.7,100,155400
20240109,09:46:46,0.65,100,155400
20240109,09:46:48,0.65,100,155400
20240109,09:46:55,0.65,100,155400
20240109,09:46:56,0.7,300,155400
20240109,09:46:59,0.65,100,155400
20240109,09:47:35,0.65,100,155400
20240109,09:47:44,0.7,50,152400
20240109,09:48:04,0.65,50,152400
20240109,09:48:10,0.7,200,152400
20240109,09:48:17,0.65,50,152400
20240109,09:48:36,0.65,50,152400
20240109,09:48:42,0.65,50,152400
20240109,09:48:44,0.65,100,152400
20240109,09:48:53,0.65,50,152400
20240109,09:49:17,0.7,50,152400
20240109,09:49:28,0.65,50,152400
20240109,09:49:30,0.7,350,152400
20240109,09:49:53,0.65,50,152400
20240109,09:50:29,0.7,50,151850
20240109,09:50:42,0.7,300,151850
20240109,09:50:50,0.65,50,151850
20240109,09:50:52,0.7,50,151850
20240109,09:51:08,0.7,200,151850
20240109,09:51:26,0.65,50,151850
20240109,09:51:34,0.65,50,151850
20240109,09:51:41,0.65,50,151850
20240109,09:51:51,0.65,50,151850
20240109,09:51:53,0.7,150,151850
20240109,09:51:57,0.65,50,151850
20240109,09:52:04,0.7,50,151850
20240109,09:52:17,0.7,50,151850
20240109,09:52:30,0.7,50,151850
20240109,09:52:41,0.65,700,151850
20240109,09:52:42,0.65,350,151850
20240109,09:52:43,0.65,700,151850
20240109,09:52:44,0.65,150,151850
20240109,09:52:52,0.65,50,151850
20240109,09:52:54,0.65,50,151850
20240109,09:52:54,0.7,150,151850
20240109,09:52:56,0.7,50,151850
20240109,09:53:06,0.7,100,151850
20240109,09:53:09,0.65,50,151850
20240109,09:53:20,0.65,50,151850
20240109,09:53:22,0.65,50,151850
20240109,09:53:27,0.65,100,151850
20240109,09:53:37,0.7,200,149050
20240109,09:53:51,0.7,50,149050
20240109,09:54:04,0.65,50,149050
20240109,09:54:08,0.7,100,149050
20240109,09:54:32,0.65,50,149050
20240109,09:54:42,0.65,50,149050
20240109,09:54:44,0.65,50,149050
20240109,09:54:47,0.65,50,149050
20240109,09:54:51,0.7,50,149050
20240109,09:54:54,0.65,300,149050
20240109,09:55:01,0.65,50,149050
20240109,09:55:18,0.7,100,149050
20240109,09:55:22,0.65,50,149050
20240109,09:55:29,0.7,50,149050
20240109,09:55:29,0.65,50,149050
20240109,09:55:31,0.65,50,149050
20240109,09:55:37,0.65,50,149050
20240109,09:55:38,0.7,100,149050
20240109,09:55:47,0.7,50,149050
20240109,09:56:09,0.7,150,149050
20240109,09:56:56,0.7,50,148500
20240109,09:57:28,0.7,50,148500
20240109,09:57:41,0.65,3000,148500
20240109,09:57:45,0.65,50,148500
20240109,09:57:55,0.65,1200,148500
20240109,09:57:56,0.7,100,148500
20240109,09:58:01,0.65,50,148500
20240109,09:59:37,0.7,50,145900
20240109,10:00:08,0.7,100,145900
20240109,10:00:52,0.7,100,145900
20240109,10:01:32,0.65,100,145900
20240109,10:02:16,0.7,50,145900
20240109,10:02:37,0.65,50,145900
20240109,10:03:28,0.65,50,146100
20240109,10:03:31,0.65,50,146100
20240109,10:03:50,0.7,50,146100
20240109,10:04:05,0.65,500,146100
20240109,10:04:40,0.7,200,146100
20240109,10:05:41,0.7,100,146200
20240109,10:06:08,0.65,250,146200
20240109,10:06:55,0.7,50,146200
20240109,10:07:40,0.7,1000,146200
20240109,10:08:13,0.7,250,146200
20240109,10:08:16,0.65,50,146200
20240109,10:08:23,0.65,50,146200
20240109,10:09:22,0.7,100,146350
20240109,10:09:45,0.7,50,146350
20240109,10:10:12,0.65,200,146350
20240109,10:10:43,0.65,100,146350
20240109,10:11:08,0.7,50,146350
20240109,10:11:18,0.65,50,146350
20240109,10:11:28,0.65,50,146350
20240109,10:12:12,0.7,100,146350
20240109,10:12:25,0.7,100,145950
20240109,10:12:36,0.65,1000,145950
20240109,10:12:37,0.65,50,145950
20240109,10:12:50,0.7,100,145950
20240109,10:12:53,0.7,50,145950
20240109,10:13:08,0.65,1800,145950
20240109,10:13:13,0.7,1200,145950
20240109,10:13:45,0.65,500,145950
20240109,10:14:48,0.7,50,144900
20240109,10:16:35,0.7,500,144900
20240109,10:16:58,0.7,3000,144900
20240109,10:17:18,0.65,100,144900
20240109,10:17:48,0.65,1800,144900
20240109,10:18:04,0.7,3400,144650
20240109,10:18:05,0.7,50,144650
20240109,10:18:06,0.7,600,144650
20240109,10:18:08,0.7,100,144650
20240109,10:18:09,0.7,50,144650
20240109,10:18:10,0.7,50,144650
20240109,10:18:14,0.7,50,144650
20240109,10:18:15,0.7,1800,144650
20240109,10:19:14,0.65,50,144650
20240109,10:19:38,0.7,50,144650
20240109,10:19:51,0.65,50,144650
20240109,10:20:10,0.65,100,144650
20240109,10:20:14,0.7,150,144650
20240109,10:20:27,0.7,500,144650
20240109,10:20:57,0.65,500,144600
20240109,10:21:15,0.65,500,144600
20240109,10:21:17,0.65,1800,144600
20240109,10:22:01,0.7,50,144600
20240109,10:22:16,0.7,50,144600
20240109,10:22:25,0.65,1550,144600
20240109,10:23:45,0.65,300,143350
20240109,10:23:50,0.65,250,143350
20240109,10:23:59,0.65,50,143350
20240109,10:24:02,0.65,350,143350
20240109,10:24:04,0.65,250,143350
20240109,10:24:04,0.65,6500,143350
20240109,10:24:07,0.65,300,143350
20240109,10:24:08,0.65,300,143350
20240109,10:24:10,0.65,250,143350
20240109,10:25:33,0.65,3250,143350
20240109,10:25:36,0.65,1850,143350
20240109,10:25:36,0.65,50,143350
20240109,10:25:37,0.65,50,143350
20240109,10:25:42,0.65,50,143350
20240109,10:25:43,0.65,100,143350
20240109,10:25:52,0.6,50,143350
20240109,10:27:28,0.6,50,146600
20240109,10:28:34,0.6,100,146600
20240109,10:28:40,0.6,100,146600
20240109,10:29:06,0.65,250,146600
20240109,10:29:24,0.65,50,146600
20240109,10:30:56,0.65,150,146600
20240109,10:31:51,0.65,300,146600
20240109,10:32:32,0.65,50,146600
20240109,10:32:58,0.65,50,146800
20240109,10:33:38,0.65,100,146800
20240109,10:33:43,0.65,50,146800
20240109,10:34:10,0.65,50,146800
20240109,10:34:55,0.6,50,146800
20240109,10:35:03,0.65,50,146800
20240109,10:35:59,0.65,50,146950
20240109,10:36:02,0.65,50,146950
20240109,10:36:28,0.6,50,146950
20240109,10:36:28,0.65,200,146950
20240109,10:36:55,0.6,50,146950
20240109,10:37:40,0.65,150,146950
20240109,10:38:28,0.65,50,146950
20240109,10:38:38,0.6,150,146950
20240109,10:38:58,0.65,100,147450
20240109,10:39:50,0.65,600,147450
20240109,10:40:46,0.6,50,147450
20240109,10:41:03,0.65,1050,147450
20240109,10:41:09,0.6,250,147450
20240109,10:41:10,0.6,3800,147450
20240109,10:41:11,0.6,350,147450
20240109,10:42:34,0.6,4600,152400
20240109,10:42:41,0.6,350,152400
20240109,10:42:42,0.65,50,152400
20240109,10:43:08,0.6,2850,152400
20240109,10:44:01,0.6,50,152400
20240109,10:44:24,0.65,100,152400
20240109,10:44:36,0.65,50,154950
20240109,10:44:44,0.65,50,154950
20240109,10:44:52,0.65,50,154950
20240109,10:45:15,0.6,50,154950
20240109,10:45:28,0.6,250,154950
20240109,10:45:30,0.65,50,154950
20240109,10:45:31,0.6,250,154950
20240109,10:45:32,0.6,250,154950
20240109,10:45:34,0.6,650,154950
20240109,10:45:35,0.6,800,154950
20240109,10:45:36,0.6,14050,154950
20240109,10:45:37,0.6,2100,154950
20240109,10:46:02,0.6,2000,154950
20240109,10:46:03,0.6,400,154950
20240109,10:46:05,0.6,4350,154950
20240109,10:46:06,0.6,1050,154950
20240109,10:46:07,0.6,300,154950
20240109,10:46:26,0.6,50,154950
20240109,10:47:22,0.55,50,154950
20240109,10:47:30,0.55,150,154950
20240109,10:48:09,0.6,50,170200
20240109,10:48:23,0.55,50,170200
20240109,10:48:26,0.55,50,170200
20240109,10:48:35,0.6,50,170200
20240109,10:49:23,0.6,50,170200
20240109,10:49:49,0.6,550,170200
20240109,10:49:56,0.55,150,170200
20240109,10:49:59,0.6,50,170200
20240109,10:50:08,0.6,50,170200
20240109,10:50:51,0.55,700,170200
20240109,10:51:05,0.6,50,170100
20240109,10:51:07,0.55,200,170100
20240109,10:51:36,0.6,100,170100
20240109,10:51:44,0.55,50,170100
20240109,10:52:16,0.55,50,170100
20240109,10:52:27,0.6,50,170100
20240109,10:52:37,0.55,100,170100
20240109,10:53:13,0.6,50,170100
20240109,10:53:50,0.6,300,170100
20240109,10:53:56,0.6,12600,170800
20240109,10:54:00,0.6,3000,170800
20240109,10:54:23,0.6,350,170800
20240109,10:54:25,0.6,2100,170800
20240109,10:54:28,0.6,2700,170800
20240109,10:54:31,0.6,1500,170800
20240109,10:54:33,0.6,3400,170800
20240109,10:54:35,0.6,500,170800
20240109,10:55:34,0.65,50,170800
20240109,10:55:51,0.6,50,170800
20240109,10:57:04,0.6,2550,170800
20240109,10:57:04,0.6,1150,183500
20240109,10:57:05,0.6,850,183500
20240109,10:57:06,0.6,10450,183500
20240109,10:57:36,0.6,1250,183500
20240109,10:57:55,0.65,200,183500
20240109,10:58:20,0.65,50,183500
20240109,10:58:24,0.55,150,183500
20240109,10:58:55,0.65,50,183500
20240109,10:59:33,0.55,550,183500
20240109,11:00:33,0.65,400,194250
20240109,11:00:42,0.65,250,194250
20240109,11:00:53,0.65,50,194250
20240109,11:01:34,0.6,150,194250
20240109,11:01:37,0.65,500,194250
20240109,11:01:44,0.6,4300,194250
20240109,11:01:48,0.6,50,194250
20240109,11:01:54,0.6,150,194250
20240109,11:01:54,0.6,100,194250
20240109,11:02:45,0.6,50,196600
20240109,11:02:46,0.6,50,196600
20240109,11:02:52,0.55,50,196600
20240109,11:03:26,0.6,1500,196600
20240109,11:03:52,0.6,50,196600
20240109,11:04:17,0.6,50,196600
20240109,11:04:22,0.55,50,196600
20240109,11:05:32,0.6,300,196600
20240109,11:06:12,0.6,50,197850
20240109,11:06:26,0.6,50,197850
20240109,11:06:30,0.6,150,197850
20240109,11:07:45,0.6,50,197850
20240109,11:07:50,0.6,1000,197850
20240109,11:08:10,0.55,50,197850
20240109,11:08:33,0.6,50,197850
20240109,11:09:02,0.6,50,197850
20240109,11:09:16,0.6,50,198450
20240109,11:09:23,0.55,150,198450
20240109,11:09:43,0.55,50,198450
20240109,11:09:59,0.6,50,198450
20240109,11:10:06,0.6,50,198450
20240109,11:10:40,0.6,150,198450
20240109,11:11:20,0.6,50,198450
20240109,11:11:50,0.6,1800,198450
20240109,11:13:40,0.6,50,198850
20240109,11:14:08,0.6,250,198850
20240109,11:14:41,0.6,1800,198650
20240109,11:14:53,0.6,50,198650
20240109,11:16:00,0.55,150,198650
20240109,11:16:10,0.6,6600,198650
20240109,11:16:11,0.6,50,198650
20240109,11:16:18,0.6,50,198650
20240109,11:16:34,0.6,250,198650
20240109,11:16:55,0.6,50,198650
20240109,11:17:14,0.55,50,198650
20240109,11:18:02,0.55,50,202400
20240109,11:18:37,0.6,300,202400
20240109,11:18:50,0.6,150,202400
20240109,11:19:07,0.55,100,202400
20240109,11:19:23,0.6,500,202400
20240109,11:21:56,0.6,100,203350
20240109,11:22:44,0.6,200,203350
20240109,11:24:20,0.6,50,203650
20240109,11:24:35,0.6,100,203650
20240109,11:24:52,0.6,50,203650
20240109,11:25:01,0.55,1400,203650
20240109,11:25:02,0.55,1800,203650
20240109,11:25:03,0.55,1800,203650
20240109,11:25:25,0.6,50,203650
20240109,11:25:45,0.6,300,203650
20240109,11:25:52,0.55,50,203650
20240109,11:26:45,0.55,50,203650
20240109,11:27:10,0.6,850,199700
20240109,11:28:19,0.55,300,199700
20240109,11:28:32,0.6,50,199700
20240109,11:28:35,0.6,50,199700
20240109,11:30:41,0.6,50,200100
20240109,11:32:29,0.6,50,200100
20240109,11:32:34,0.55,50,200100
20240109,11:33:09,0.6,200,200100
20240109,11:33:12,0.6,50,200050
20240109,11:33:50,0.55,50,200050
20240109,11:34:33,0.6,50,200050
20240109,11:34:46,0.55,50,200050
20240109,11:34:59,0.6,300,200050
20240109,11:35:00,0.6,150,200050
20240109,11:35:45,0.6,500,200050
20240109,11:36:45,0.55,100,200400
20240109,11:37:19,0.55,50,200400
20240109,11:38:01,0.55,500,200400
20240109,11:38:39,0.6,200,200400
20240109,11:39:22,0.6,50,200400
20240109,11:39:26,0.6,50,200550
20240109,11:41:05,0.6,100,200550
20240109,11:41:55,0.6,50,200550
20240109,11:42:10,0.6,50,200750
20240109,11:43:45,0.6,50,200750
20240109,11:43:50,0.6,50,200750
20240109,11:45:31,0.6,300,200750
20240109,11:47:39,0.55,50,200900
20240109,11:47:40,0.6,50,200900
20240109,11:47:57,0.55,150,201200
20240109,11:48:26,0.55,300,201200
20240109,11:48:32,0.55,300,201200
20240109,11:48:33,0.55,250,201200
20240109,11:48:53,0.55,2200,201200
20240109,11:48:54,0.55,900,201200
20240109,11:48:55,0.55,1650,201200
20240109,11:48:56,0.55,1800,201200
20240109,11:49:05,0.55,2650,201200
20240109,11:49:16,0.55,50,201200
20240109,11:49:22,0.55,1450,201200
20240109,11:49:29,0.55,1000,201200
20240109,11:49:32,0.55,650,201200
20240109,11:49:34,0.55,500,201200
20240109,11:49:35,0.55,700,201200
20240109,11:49:44,0.55,250,201200
20240109,11:49:45,0.55,950,201200
20240109,11:49:46,0.55,1800,201200
20240109,11:49:47,0.55,2050,201200
20240109,11:51:26,0.55,350,201200
20240109,11:52:35,0.6,50,213500
20240109,11:52:39,0.6,50,213500
20240109,11:53:15,0.6,50,213500
20240109,11:53:18,0.55,50,213500
20240109,11:54:00,0.55,50,213500
20240109,11:54:00,0.6,400,213850
20240109,11:54:29,0.65,17750,213850
20240109,11:54:53,0.55,50,213850
20240109,11:55:01,0.55,700,213850
20240109,11:55:24,0.6,550,213850
20240109,11:55:56,0.6,50,213850
20240109,11:57:01,0.6,100,222550
20240109,11:57:04,0.6,2100,222550
20240109,11:57:09,0.55,200,222550
20240109,11:58:48,0.55,1600,222550
20240109,11:59:54,0.6,1000,222550
20240109,11:59:55,0.55,2100,225100
20240109,12:00:05,0.55,250,225100
20240109,12:00:22,0.55,6450,225100
20240109,12:00:24,0.55,250,225100
20240109,12:00:25,0.6,50,225100
20240109,12:01:00,0.55,11400,225100
20240109,12:01:01,0.55,300,225100
20240109,12:01:02,0.55,50,225100
20240109,12:01:07,0.55,250,225100
20240109,12:01:08,0.55,300,225100
20240109,12:01:14,0.55,150,225100
20240109,12:01:36,0.55,150,225100
20240109,12:01:41,0.55,400,225100
20240109,12:01:45,0.55,100,225100
20240109,12:02:25,0.55,1800,225100
20240109,12:02:32,0.55,50,225100
20240109,12:03:08,0.55,100,236700
20240109,12:03:56,0.5,1850,236700
20240109,12:04:17,0.5,50,236700
20240109,12:05:02,0.5,50,236700
20240109,12:05:50,0.55,100,236700
20240109,12:06:05,0.5,2900,236700
20240109,12:06:13,0.55,200,236700
20240109,12:06:34,0.55,50,236700
20240109,12:07:25,0.55,100,236700
20240109,12:08:04,0.55,50,236700
20240109,12:08:11,0.55,50,236700
20240109,12:08:43,0.5,50,236700
20240109,12:10:10,0.5,50,236700
20240109,12:11:29,0.55,50,236700
20240109,12:11:48,0.5,50,236700
20240109,12:11:56,0.55,50,236700
20240109,12:12:47,0.5,50,236700
20240109,12:13:11,0.55,1250,236700
20240109,12:14:12,0.5,50,236700
20240109,12:14:17,0.5,50,236700
20240109,12:14:27,0.5,50,236700
20240109,12:14:36,0.5,50,236700
20240109,12:14:56,0.55,50,236700
20240109,12:15:01,0.55,50,236700
20240109,12:15:39,0.5,50,236700
20240109,12:18:49,0.55,50,236700
20240109,12:18:58,0.55,50,236700
20240109,12:19:01,0.55,250,236700
20240109,12:19:11,0.55,500,236700
20240109,12:19:16,0.55,250,236700
20240109,12:19:22,0.55,250,236700
20240109,12:19:28,0.55,400,236700
20240109,12:19:38,0.55,50,236700
20240109,12:20:25,0.5,1250,236700
20240109,12:20:35,0.5,50,236700
20240109,12:21:21,0.5,50,237600
20240109,12:22:17,0.5,250,237600
20240109,12:22:19,0.5,300,237600
20240109,12:23:33,0.5,150,237600
20240109,12:24:37,0.5,50,237600
20240109,12:24:55,0.55,50,237600
20240109,12:26:06,0.5,50,237600
20240109,12:26:38,0.5,800,237600
20240109,12:28:21,0.55,1000,237650
20240109,12:29:11,0.5,3600,237650
20240109,12:29:11,0.5,12400,237650
20240109,12:29:35,0.55,50,237650
20240109,12:29:47,0.55,1000,237650
20240109,12:33:33,0.55,700,237400
20240109,12:33:40,0.55,100,237400
20240109,12:36:34,0.5,300,238200
20240109,12:37:07,0.55,50,238200
20240109,12:38:29,0.5,200,238200
20240109,12:38:50,0.55,300,238200
20240109,12:46:04,0.5,100,238550
20240109,12:46:40,0.55,50,238550
20240109,12:46:55,0.55,50,238550
20240109,12:48:55,0.55,900,238550
20240109,12:52:37,0.55,50,238550
20240109,12:52:46,0.55,50,239450
20240109,12:53:14,0.55,50,239450
20240109,12:53:34,0.5,50,239450
20240109,12:53:58,0.55,450,239450
20240109,12:54:16,0.55,50,239550
20240109,12:55:02,0.55,50,239550
20240109,12:56:49,0.5,50,239550
20240109,12:56:51,0.5,50,239550
20240109,12:59:03,0.55,900,240000
20240109,13:02:15,0.5,50,240000
20240109,13:02:29,0.55,50,240900
20240109,13:03:22,0.5,50,240900
20240109,13:03:53,0.55,300,240900
20240109,13:04:06,0.5,450,240900
20240109,13:04:46,0.55,50,240900
20240109,13:05:54,0.55,50,240900
20240109,13:06:11,0.5,100,240500
20240109,13:06:13,0.5,200,240500
20240109,13:06:36,0.5,300,240500
20240109,13:07:52,0.55,500,240500
20240109,13:09:42,0.55,50,240500
20240109,13:10:18,0.55,50,239900
20240109,13:11:18,0.5,50,239900
20240109,13:11:36,0.55,50,239900
20240109,13:12:10,0.55,1450,239900
20240109,13:12:11,0.55,900,239850
20240109,13:12:18,0.55,1500,239850
20240109,13:12:19,0.55,2100,239850
20240109,13:12:19,0.55,800,239850
20240109,13:12:21,0.55,450,239850
20240109,13:12:22,0.55,250,239850
20240109,13:13:17,0.5,50,239850
20240109,13:13:33,0.55,50,239850
20240109,13:13:47,0.55,50,239850
20240109,13:15:21,0.5,50,234400
20240109,13:15:22,0.55,200,234400
20240109,13:15:54,0.55,50,234400
20240109,13:16:49,0.55,50,234400
20240109,13:17:09,0.5,50,234400
20240109,13:17:42,0.55,50,234400
20240109,13:18:55,0.55,50,234300
20240109,13:20:56,0.55,50,234300
20240109,13:28:14,0.5,300,234300
20240109,13:29:17,0.55,800,234300
20240109,13:29:33,0.55,50,234300
20240109,13:29:47,0.55,50,234300
20240109,13:29:50,0.5,50,234300
20240109,13:30:41,0.55,300,234550
20240109,13:31:39,0.5,800,234550
20240109,13:33:25,0.5,300,234550
20240109,13:33:57,0.55,200,234050
20240109,13:34:12,0.55,50,234050
20240109,13:34:25,0.55,50,234050
20240109,13:34:52,0.55,50,234050
20240109,13:35:01,0.5,50,234050
20240109,13:35:10,0.55,500,234050
20240109,13:35:14,0.55,150,234050
20240109,13:35:28,0.5,500,234050
20240109,13:35:32,0.5,50,234050
20240109,13:36:59,0.5,500,234050
20240109,13:37:11,0.55,750,234500
20240109,13:39:07,0.55,50,234750
20240109,13:39:11,0.55,50,234750
20240109,13:39:17,0.5,400,234750
20240109,13:39:18,0.55,400,234750
20240109,13:39:34,0.55,150,234750
20240109,13:39:51,0.55,200,234750
20240109,13:40:35,0.5,50,234750
20240109,13:42:38,0.5,50,235150
20240109,13:42:45,0.5,50,235150
20240109,13:43:55,0.5,50,235150
20240109,13:45:32,0.5,3600,235000
20240109,13:45:50,0.55,100,235000
20240109,13:46:19,0.55,100,235000
20240109,13:47:05,0.55,250,235000
20240109,13:47:15,0.5,50,235000
20240109,13:48:07,0.55,50,235450
20240109,13:48:46,0.5,50,235450
20240109,13:48:49,0.5,100,235450
20240109,13:49:50,0.55,50,235450
20240109,13:49:55,0.5,250,235450
20240109,13:50:29,0.55,50,235450
20240109,13:50:32,0.55,50,235450
20240109,13:51:38,0.5,50,235450
20240109,13:52:07,0.55,50,235250
20240109,13:52:27,0.5,50,235250
20240109,13:57:51,0.55,900,235200
20240109,13:57:51,0.5,50,235200
20240109,13:58:07,0.5,250,235200
20240109,13:58:16,0.5,1800,235200
20240109,13:59:53,0.55,400,235200
20240109,14:00:26,0.55,1450,235200
20240109,14:00:28,0.55,150,234400
20240109,14:00:51,0.5,50,234400
20240109,14:01:17,0.55,250,234400
20240109,14:01:21,0.55,50,234400
20240109,14:02:42,0.5,400,234400
20240109,14:04:04,0.55,400,234400
20240109,14:04:08,0.5,50,235100
20240109,14:04:26,0.55,150,235100
20240109,14:05:01,0.55,50,235100
20240109,14:05:18,0.5,50,235100
20240109,14:05:27,0.5,50,235100
20240109,14:06:06,0.5,50,235100
20240109,14:07:25,0.55,50,234950
20240109,14:07:43,0.5,150,234950
20240109,14:08:30,0.55,50,234950
20240109,14:09:19,0.5,50,234950
20240109,14:10:29,0.55,100,234750
20240109,14:10:49,0.5,50,234750
20240109,14:11:58,0.55,300,234750
20240109,14:12:09,0.5,50,234700
20240109,14:13:05,0.55,50,234700
20240109,14:13:19,0.5,50,234700
20240109,14:13:29,0.55,50,234700
20240109,14:13:43,0.55,50,234700
20240109,14:13:47,0.55,7750,234700
20240109,14:14:03,0.55,3900,234700
20240109,14:14:04,0.55,7050,234700
20240109,14:14:08,0.55,2900,234700
20240109,14:14:08,0.55,3900,234700
20240109,14:14:09,0.55,600,234700
20240109,14:14:10,0.55,300,234700
20240109,14:14:11,0.55,250,234700
20240109,14:14:13,0.55,250,234700
20240109,14:14:20,0.55,7000,234700
20240109,14:14:21,0.55,2900,234700
20240109,14:14:22,0.55,1600,234700
20240109,14:14:26,0.6,50,234700
20240109,14:14:28,0.55,50,234700
20240109,14:14:36,0.6,50,234700
20240109,14:14:43,0.55,50,234700
20240109,14:15:08,0.6,1000,234700
20240109,14:15:38,0.6,250,209950
20240109,14:15:57,0.55,1500,209950
20240109,14:16:00,0.55,1500,209950
20240109,14:16:02,0.55,1000,209950
20240109,14:16:22,0.6,50,209950
20240109,14:17:06,0.6,50,209950
20240109,14:17:07,0.6,50,209950
20240109,14:17:10,0.6,50,209950
20240109,14:17:36,0.55,50,209950
20240109,14:18:05,0.6,50,209950
20240109,14:18:40,0.55,200,208150
20240109,14:18:46,0.55,50,208150
20240109,14:18:58,0.55,200,208150
20240109,14:19:19,0.55,50,208150
20240109,14:19:50,0.6,9000,208150
20240109,14:20:05,0.6,1000,208150
20240109,14:20:09,0.6,1800,208150
20240109,14:20:11,0.6,1800,208150
20240109,14:20:54,0.65,1000,208150
20240109,14:21:13,0.6,800,223550
20240109,14:21:41,0.6,50,223550
20240109,14:21:55,0.6,50,223550
20240109,14:22:18,0.65,250,223550
20240109,14:23:08,0.6,7200,223550
20240109,14:23:09,0.55,7200,223550
20240109,14:23:10,0.55,1600,223550
20240109,14:23:18,0.6,650,223550
20240109,14:23:25,0.65,800,223550
20240109,14:24:17,0.65,100,210150
20240109,14:25:01,0.6,550,210150
20240109,14:25:03,0.65,150,210150
20240109,14:25:09,0.65,200,210150
20240109,14:25:11,0.65,800,210150
20240109,14:25:24,0.65,4650,210150
20240109,14:25:58,0.6,50,210150
20240109,14:26:22,0.65,350,210150
20240109,14:26:58,0.6,300,210150
20240109,14:27:23,0.65,2900,210150
20240109,14:27:26,0.65,7200,204600
20240109,14:27:26,0.65,3500,204600
20240109,14:27:27,0.65,3600,204600
20240109,14:27:28,0.65,700,204600
20240109,14:27:29,0.65,500,204600
20240109,14:27:32,0.65,450,204600
20240109,14:27:38,0.65,1050,204600
20240109,14:27:59,0.65,250,204600
20240109,14:28:03,0.65,4200,204600
20240109,14:28:04,0.65,50,204600
20240109,14:28:27,0.65,500,204600
20240109,14:28:30,0.65,5600,204600
20240109,14:29:40,0.7,500,204600
20240109,14:29:43,0.65,50,204600
20240109,14:30:10,0.7,4050,178150
20240109,14:30:11,0.7,2150,178150
20240109,14:30:15,0.65,100,178150
20240109,14:30:30,0.65,300,178150
20240109,14:31:19,0.65,1150,178150
20240109,14:32:13,0.65,250,178150
20240109,14:32:25,0.7,1000,178150
20240109,14:32:27,0.7,50,178150
20240109,14:32:28,0.7,850,178150
20240109,14:32:31,0.75,50,178150
20240109,14:33:16,0.7,1000,173050
20240109,14:33:21,0.75,50,173050
20240109,14:33:29,0.7,500,173050
20240109,14:33:35,0.7,1000,173050
20240109,14:33:38,0.7,50,173050
20240109,14:33:42,0.7,50,173050
20240109,14:33:50,0.7,700,173050
20240109,14:33:56,0.7,150,173050
20240109,14:34:05,0.65,1800,173050
20240109,14:34:07,0.6,5400,173050
20240109,14:34:08,0.65,6500,173050
20240109,14:34:09,0.65,4650,173050
20240109,14:34:11,0.65,1000,173050
20240109,14:34:12,0.65,100,173050
20240109,14:34:13,0.65,400,173050
20240109,14:34:14,0.65,250,173050
20240109,14:34:29,0.7,250,173050
20240109,14:34:51,0.65,100,173050
20240109,14:34:54,0.65,50,173050
20240109,14:34:58,0.65,50,173050
20240109,14:35:12,0.65,600,173050
20240109,14:35:20,0.6,50,173050
20240109,14:36:23,0.65,100,155100
20240109,14:36:57,0.65,50,155100
20240109,14:37:06,0.65,1000,155100
20240109,14:37:34,0.6,50,155100
20240109,14:37:47,0.7,50,155100
20240109,14:38:09,0.6,50,155100
20240109,14:38:19,0.6,50,155100
20240109,14:38:22,0.65,2650,155100
20240109,14:38:27,0.65,2650,155100
20240109,14:38:36,0.65,2350,155100
20240109,14:38:55,0.6,500,155100
20240109,14:39:24,0.6,7200,155100
20240109,14:39:25,0.65,50,154200
20240109,14:39:26,0.65,50,154200
20240109,14:39:28,0.65,50,154200
20240109,14:39:34,0.65,50,154200
20240109,14:40:12,0.65,50,154200
20240109,14:40:24,0.65,50,154200
20240109,14:40:38,0.65,250,154200
20240109,14:40:43,0.65,1350,154200
20240109,14:40:49,0.65,100,154200
20240109,14:40:58,0.6,50,154200
20240109,14:40:59,0.6,50,154200
20240109,14:41:35,0.6,250,154200
20240109,14:41:36,0.6,550,154200
20240109,14:42:12,0.7,50,154200
20240109,14:42:14,0.65,2000,150000
20240109,14:42:16,0.7,150,150000
20240109,14:42:23,0.6,100,150000
20240109,14:42:37,0.7,900,150000
20240109,14:42:38,0.7,350,150000
20240109,14:42:39,0.65,7900,150000
20240109,14:42:40,0.7,750,150000
20240109,14:42:45,0.65,50,150000
20240109,14:42:46,0.65,50,150000
20240109,14:42:49,0.65,50,150000
20240109,14:42:56,0.65,50,150000
20240109,14:43:13,0.65,50,150000
20240109,14:43:15,0.7,50,150000
20240109,14:43:28,0.65,50,150000
20240109,14:43:36,0.7,50,150000
20240109,14:43:56,0.7,50,150000
20240109,14:44:19,0.65,50,150000
20240109,14:44:41,0.7,2450,150000
20240109,14:46:04,0.75,4650,146350
20240109,14:46:09,0.75,3500,146350
20240109,14:46:10,0.75,2100,146350
20240109,14:46:12,0.75,50,146350
20240109,14:46:19,0.75,250,146350
20240109,14:46:19,0.75,600,146350
20240109,14:46:20,0.75,550,146350
20240109,14:46:45,0.75,950,146350
20240109,14:46:46,0.75,250,146350
20240109,14:47:05,0.75,1950,146350
20240109,14:47:10,0.75,150,146350
20240109,14:47:19,0.7,50,146350
20240109,14:47:36,0.75,700,146350
20240109,14:47:38,0.7,250,146350
20240109,14:47:40,0.75,250,146350
20240109,14:47:47,0.75,450,146350
20240109,14:48:19,0.75,50,136000
20240109,14:48:42,0.7,100,136000
20240109,14:49:27,0.8,400,136000
20240109,14:49:27,0.7,450,136000
20240109,14:49:37,0.7,800,136000
20240109,14:50:07,0.75,150,136000
20240109,14:50:29,0.65,100,136000
20240109,14:50:57,0.65,50,136000
20240109,14:52:52,0.7,50,136000
20240109,14:53:56,0.7,50,135600
20240109,14:55:07,0.7,100,135600
20240109,14:55:33,0.7,700,135600
20240109,14:55:53,0.7,50,135600
20240109,14:55:55,0.7,50,135600
20240109,14:55:57,0.7,50,135600
20240109,14:56:55,0.65,900,135600
20240109,14:57:27,0.7,100,135600
20240109,14:57:51,0.65,550,134800
20240109,14:58:31,0.7,450,134800
20240109,14:58:33,0.65,50,134800
20240109,14:58:38,0.7,400,134800
20240109,14:58:43,0.7,350,134800
20240109,14:58:52,0.65,50,134800
20240109,14:58:55,0.7,300,134800
20240109,14:58:57,0.7,1800,134800
20240109,14:59:15,0.7,50,134800
20240109,14:59:16,0.7,400,134800
20240109,14:59:24,0.75,150,134800
20240109,14:59:25,0.7,400,134800
20240109,14:59:27,0.75,50,134800
20240109,14:59:28,0.75,100,134800
20240109,14:59:32,0.7,50,134800
20240109,14:59:32,0.75,450,134800
20240109,14:59:35,0.7,1500,134800
20240109,14:59:40,0.65,2500,134800
20240109,14:59:48,0.75,150,134800
20240109,14:59:50,0.65,1000,134800
20240109,14:59:50,0.7,150,134800
20240109,14:59:51,0.7,50,134800
20240109,14:59:54,0.7,1000,134800
20240109,14:59:57,0.7,50,134800
20240109,15:00:12,0.75,150,131450
20240109,15:00:14,0.7,1100,131450
20240109,15:00:15,0.7,250,131450
20240109,15:00:29,0.75,100,131450
20240109,15:00:32,0.7,50,131450
20240109,15:00:42,0.7,50,131450
20240109,15:00:43,0.7,50,131450
20240109,15:00:44,0.75,50,131450
20240109,15:00:45,0.75,50,131450
20240109,15:00:47,0.75,150,131450
20240109,15:00:49,0.75,50,131450
20240109,15:00:52,0.75,50,131450
20240109,15:00:53,0.75,100,131450
20240109,15:01:04,0.75,50,131450
20240109,15:01:07,0.7,50,131450
20240109,15:01:09,0.7,400,131450
20240109,15:01:19,0.75,100,131450
20240109,15:01:29,0.7,900,131450
20240109,15:01:56,0.75,200,131450
20240109,15:02:00,0.75,50,131450
20240109,15:03:08,0.75,3000,131450
20240109,15:03:45,0.75,200,131450
20240109,15:03:46,0.75,200,133700
20240109,15:04:03,0.75,200,133700
20240109,15:04:32,0.7,50,133700
20240109,15:04:37,0.75,200,133700
20240109,15:04:39,0.75,100,133700
20240109,15:04:56,0.75,250,133700
20240109,15:04:56,0.75,150,133700
20240109,15:04:59,0.7,50,133700
20240109,15:05:19,0.75,150,133700
20240109,15:05:19,0.7,100,133700
20240109,15:06:11,0.7,50,133700
20240109,15:06:32,0.75,500,135000
20240109,15:07:09,0.75,1800,135000
20240109,15:07:10,0.75,1900,135000
20240109,15:07:15,0.75,250,135000
20240109,15:07:33,0.75,1850,135000
20240109,15:07:40,0.75,850,135000
20240109,15:07:55,0.7,50,135000
20240109,15:07:56,0.75,250,135000
20240109,15:07:59,0.75,100,135000
20240109,15:08:00,0.75,50,135000
20240109,15:08:05,0.75,200,135000
20240109,15:08:17,0.75,900,135000
20240109,15:08:20,0.75,250,135000
20240109,15:08:31,0.75,300,135000
20240109,15:08:35,0.75,650,135000
20240109,15:08:36,0.75,300,135000
20240109,15:08:40,0.7,50,135000
20240109,15:08:42,0.75,50,135000
20240109,15:08:48,0.75,200,135000
20240109,15:08:50,0.7,50,135000
20240109,15:08:51,0.75,100,135000
20240109,15:08:53,0.75,50,135000
20240109,15:08:57,0.75,100,135000
20240109,15:08:58,0.7,1050,135000
20240109,15:09:00,0.7,50,135000
20240109,15:09:04,0.75,50,135000
20240109,15:09:05,0.7,50,135000
20240109,15:09:06,0.7,50,135000
20240109,15:09:11,0.75,50,135000
20240109,15:09:18,0.75,150,135000
20240109,15:09:27,0.7,250,142600
20240109,15:10:34,0.75,50,142600
20240109,15:10:42,0.75,50,142600
20240109,15:10:51,0.75,200,142600
20240109,15:11:08,0.7,150,142600
20240109,15:11:28,0.75,50,142600
20240109,15:12:01,0.7,1800,142600
20240109,15:12:03,0.7,1800,142600
20240109,15:12:05,0.7,50,142600
20240109,15:12:06,0.7,1800,142600
20240109,15:12:25,0.7,50,142600
20240109,15:12:25,0.7,50,145900
20240109,15:12:26,0.7,1800,145900
20240109,15:12:27,0.75,50,145900
20240109,15:12:46,0.75,200,145900
20240109,15:12:48,0.75,200,145900
20240109,15:12:50,0.75,200,145900
20240109,15:13:07,0.7,300,145900
20240109,15:13:10,0.75,50,145900
20240109,15:13:29,0.75,200,145900
20240109,15:13:36,0.75,400,145900
20240109,15:13:45,0.75,150,145900
20240109,15:13:55,0.75,200,145900
20240109,15:13:59,0.75,200,145900
20240109,15:14:03,0.75,150,145900
20240109,15:14:18,0.75,200,145900
20240109,15:14:51,0.75,1000,145900
20240109,15:14:51,0.7,200,145900
20240109,15:14:53,0.75,500,145900
20240109,15:14:54,0.75,50,145900
20240109,15:14:55,0.75,200,145900
20240109,15:14:57,0.75,50,145900
20240109,15:15:00,0.7,50,145900
20240109,15:15:01,0.7,250,145900
20240109,15:15:02,0.7,50,145900
20240109,15:16:15,0.7,50,145900
20240109,15:16:38,0.7,200,145700
20240109,15:16:39,0.7,250,145700
20240109,15:17:09,0.7,400,145700
20240109,15:17:37,0.7,200,145700
20240109,15:17:56,0.7,50,145700
20240109,15:18:59,0.75,250,145700
20240109,15:19:01,0.75,1100,145550
20240109,15:19:03,0.75,300,145550
20240109,15:19:05,0.75,50,145550
20240109,15:19:06,0.75,800,145550
20240109,15:19:09,0.75,50,145550
20240109,15:19:10,0.75,50,145550
20240109,15:19:40,0.8,100,145550
20240109,15:20:34,0.8,250,145550
20240109,15:20:36,0.8,550,145550
20240109,15:20:37,0.8,250,145550
20240109,15:20:38,0.75,1000,145550
20240109,15:20:44,0.75,50,145550
20240109,15:20:53,0.8,1800,145550
20240109,15:20:56,0.8,950,145550
20240109,15:20:58,0.75,3000,145550
20240109,15:21:06,0.8,250,145550
20240109,15:21:08,0.8,50,145550
20240109,15:21:20,0.8,2150,143300
20240109,15:21:21,0.8,450,143300
20240109,15:21:22,0.8,850,143300
20240109,15:21:23,0.75,50,143300
20240109,15:21:24,0.8,100,143300
20240109,15:21:28,0.75,50,143300
20240109,15:21:40,0.8,1050,143300
20240109,15:21:41,0.8,800,143300
20240109,15:21:42,0.8,50,143300
20240109,15:21:43,0.85,150,143300
20240109,15:21:44,0.8,50,143300
20240109,15:21:51,0.8,2800,143300
20240109,15:21:52,0.8,250,143300
20240109,15:22:00,0.8,150,143300
20240109,15:22:05,0.8,400,143300
20240109,15:22:19,0.8,150,143300
20240109,15:22:20,0.8,50,143300
20240109,15:22:21,0.75,1800,143300
20240109,15:22:23,0.75,150,143300
20240109,15:22:24,0.75,50,143300
20240109,15:22:25,0.75,750,143300
20240109,15:22:26,0.75,150,143300
20240109,15:22:27,0.8,50,143300
20240109,15:22:29,0.75,50,143300
20240109,15:22:32,0.75,50,143300
20240109,15:22:48,0.8,100,143300
20240109,15:22:53,0.8,100,143300
20240109,15:22:59,0.8,1300,143300
20240109,15:23:03,0.75,6000,143300
20240109,15:23:11,0.75,500,143300
20240109,15:23:20,0.8,50,143300
20240109,15:23:35,0.75,1800,143300
20240109,15:23:46,0.8,300,143300
20240109,15:23:47,0.8,600,143300
20240109,15:23:48,0.8,250,143300
20240109,15:23:49,0.8,100,143300
20240109,15:23:51,0.8,350,143300
20240109,15:23:55,0.75,900,143300
20240109,15:23:56,0.75,4450,143300
20240109,15:23:57,0.75,850,143300
20240109,15:23:58,0.75,50,143300
20240109,15:24:00,0.75,450,143300
20240109,15:24:08,0.75,500,143300
20240109,15:24:11,0.8,250,143300
20240109,15:24:26,0.75,2350,143300
20240109,15:24:33,0.7,150,146700
20240109,15:24:41,0.7,200,146700
20240109,15:24:42,0.75,50,146700
20240109,15:24:43,0.75,1150,146700
20240109,15:24:47,0.7,100,146700
20240109,15:24:51,0.7,400,146700
20240109,15:24:58,0.7,250,146700
20240109,15:24:58,0.7,50,146700
20240109,15:25:03,0.7,350,146700
20240109,15:25:03,0.7,400,146700
20240109,15:25:07,0.8,1900,146700
20240109,15:25:12,0.75,50,146700
20240109,15:25:16,0.7,50,146700
20240109,15:25:41,0.75,50,146700
20240109,15:25:58,0.7,350,146700
20240109,15:26:13,0.7,300,146700
20240109,15:26:16,0.7,200,146700
20240109,15:26:36,0.75,50,146700
20240109,15:26:55,0.7,2350,146700
20240109,15:26:57,0.7,300,146700
20240109,15:26:57,0.7,250,146700
20240109,15:26:58,0.7,300,146700
20240109,15:27:00,0.7,700,146700
20240109,15:27:00,0.75,50,146700
20240109,15:27:01,0.7,300,146700
20240109,15:27:13,0.75,1350,146700
20240109,15:27:24,0.75,100,147200
20240109,15:27:26,0.7,100,147200
20240109,15:27:36,0.7,200,147200
20240109,15:27:59,0.7,50,147200
20240109,15:28:13,0.7,250,147200
20240109,15:28:31,0.75,250,147200
20240109,15:28:32,0.7,150,147200
20240109,15:28:34,0.75,300,147200
20240109,15:28:35,0.7,350,147200
20240109,15:28:36,0.7,350,147200
20240109,15:28:37,0.7,150,147200
20240109,15:28:40,0.75,50,147200
20240109,15:28:43,0.75,100,147200
20240109,15:28:46,0.75,100,147200
20240109,15:28:47,0.7,1400,147200
20240109,15:28:56,0.75,250,147200
20240109,15:29:00,0.75,1350,147200
20240109,15:29:06,0.7,50,147200
20240109,15:29:07,0.7,50,147200
20240109,15:29:08,0.7,100,147200
20240109,15:29:12,0.7,350,147200
20240109,15:29:13,0.7,150,147200
20240109,15:29:14,0.7,400,147200
20240109,15:29:17,0.7,350,147200
20240109,15:29:21,0.7,100,147200
20240109,15:29:22,0.75,50,147200
20240109,15:29:26,0.65,50,147200
20240109,15:29:28,0.7,50,147200
20240109,15:29:32,0.65,500,147200
20240109,15:29:46,0.65,950,147200
20240110,09:15:00,0.65,1,147200
20240110,09:15:00,0.65,100,147200
20240110,09:15:01,0.75,50,147900
20240110,09:15:02,0.75,1200,147900
20240110,09:15:03,0.75,2500,147900
20240110,09:15:04,0.75,950,147900
20240110,09:15:05,0.75,750,147900
20240110,09:15:06,0.75,250,147900
20240110,09:15:07,0.75,350,147900
20240110,09:15:08,0.75,150,147900
20240110,09:15:09,0.75,1800,147900
20240110,09:15:12,0.75,100,147900
20240110,09:15:16,0.7,1300,147900
20240110,09:15:20,0.65,500,147900
20240110,09:15:21,0.65,300,147900
20240110,09:15:23,0.65,250,147900
20240110,09:15:32,0.7,50,147900
20240110,09:15:35,0.65,450,147900
20240110,09:15:37,0.7,400,147900
20240110,09:15:40,0.65,50,147900
20240110,09:15:42,0.65,300,147900
20240110,09:15:51,0.65,600,147900
20240110,09:15:52,0.65,250,147900
20240110,09:15:53,0.65,100,147900
20240110,09:16:03,0.65,250,147900
20240110,09:16:05,0.65,550,147900
20240110,09:16:06,0.65,150,147900
20240110,09:16:07,0.65,50,147900
20240110,09:16:13,0.65,150,147900
20240110,09:16:17,0.65,400,147900
20240110,09:16:21,0.65,350,147900
20240110,09:16:23,0.65,550,147900
20240110,09:16:25,0.65,300,147900
20240110,09:16:26,0.7,2050,147900
20240110,09:16:27,0.65,400,147900
20240110,09:16:30,0.65,300,147900
20240110,09:16:35,0.65,50,147900
20240110,09:16:43,0.6,550,147900
20240110,09:16:44,0.6,550,147900
20240110,09:16:47,0.6,750,147900
20240110,09:16:48,0.6,50,147900
20240110,09:16:49,0.6,300,147900
20240110,09:16:50,0.6,550,147900
20240110,09:16:52,0.6,550,147900
20240110,09:16:53,0.6,550,147900
20240110,09:16:58,0.6,550,147900
20240110,09:16:59,0.6,900,147900
20240110,09:17:04,0.6,50,147900
20240110,09:17:07,0.6,2500,147900
20240110,09:17:10,0.6,2350,147900
20240110,09:17:14,0.6,100,147900
20240110,09:17:17,0.6,50,147900
20240110,09:17:18,0.6,250,147900
20240110,09:17:23,0.6,1600,147900
20240110,09:17:25,0.6,2450,147900
20240110,09:17:26,0.6,300,147900
20240110,09:17:28,0.6,600,145800
20240110,09:17:30,0.6,350,145800
20240110,09:17:33,0.6,800,145800
20240110,09:17:35,0.6,700,145800
20240110,09:17:36,0.6,50,145800
20240110,09:17:37,0.6,350,145800
20240110,09:17:45,0.6,100,145800
20240110,09:17:50,0.55,400,145800
20240110,09:17:57,0.55,50,145800
20240110,09:17:59,0.6,50,145800
20240110,09:18:12,0.6,50,145800
20240110,09:18:29,0.6,50,145800
20240110,09:18:49,0.6,200,145800
20240110,09:18:55,0.6,1800,145800
20240110,09:18:57,0.6,50,145800
20240110,09:18:59,0.6,100,145800
20240110,09:19:04,0.6,2150,145800
20240110,09:19:23,0.55,50,145800
20240110,09:19:26,0.6,50,145800
20240110,09:19:34,0.6,100,145800
20240110,09:19:53,0.6,50,145800
20240110,09:19:57,0.6,50,145800
20240110,09:20:30,0.55,50,146100
20240110,09:20:45,0.6,800,146100
20240110,09:20:46,0.6,550,146100
20240110,09:20:52,0.6,50,146100
20240110,09:20:57,0.6,200,146100
20240110,09:21:03,0.6,150,146100
20240110,09:21:19,0.6,200,146100
20240110,09:21:19,0.6,1800,146100
20240110,09:21:21,0.6,150,146100
20240110,09:21:39,0.6,100,146100
20240110,09:21:48,0.55,50,146100
20240110,09:22:20,0.55,50,146100
20240110,09:22:38,0.6,50,146100
20240110,09:22:47,0.6,150,146100
20240110,09:22:48,0.6,250,146100
20240110,09:22:49,0.6,2500,146100
20240110,09:22:50,0.6,1800,146100
20240110,09:22:51,0.6,2250,146100
20240110,09:22:52,0.6,1800,146100
20240110,09:22:53,0.6,1950,146100
20240110,09:22:55,0.6,350,146100
20240110,09:23:01,0.55,300,146100
20240110,09:23:03,0.65,50,146100
20240110,09:23:08,0.6,550,146100
20240110,09:23:16,0.65,50,146100
20240110,09:23:19,0.65,50,146100
20240110,09:23:23,0.6,600,146100
20240110,09:23:31,0.6,600,143000
20240110,09:23:32,0.65,50,143000
20240110,09:23:44,0.6,600,143000
20240110,09:23:46,0.6,600,143000
20240110,09:23:49,0.6,400,143000
20240110,09:23:50,0.6,1350,143000
20240110,09:23:57,0.6,600,143000
20240110,09:23:59,0.65,200,143000
20240110,09:24:02,0.6,600,143000
20240110,09:24:06,0.65,50,143000
20240110,09:24:12,0.65,50,143000
20240110,09:24:35,0.65,50,143000
20240110,09:24:48,0.65,50,143000
20240110,09:24:49,0.65,100,143000
20240110,09:25:07,0.65,1800,143000
20240110,09:25:09,0.65,200,143000
20240110,09:25:11,0.6,150,143000
20240110,09:25:36,0.65,1800,143000
20240110,09:25:38,0.6,100,143000
20240110,09:26:05,0.65,1800,143000
20240110,09:26:15,0.65,1800,143000
20240110,09:26:16,0.65,800,143000
20240110,09:26:19,0.65,50,143000
20240110,09:26:31,0.65,50,143000
20240110,09:26:40,0.65,50,140350
20240110,09:26:46,0.65,50,140350
20240110,09:27:06,0.65,50,140350
20240110,09:27:23,0.6,50,140350
20240110,09:27:30,0.65,1800,140350
20240110,09:27:36,0.65,800,140350
20240110,09:27:39,0.65,1800,140350
20240110,09:27:46,0.65,1000,140350
20240110,09:27:52,0.65,500,140350
20240110,09:27:53,0.65,250,140350
20240110,09:27:59,0.65,50,140350
20240110,09:28:03,0.65,600,140350
20240110,09:28:05,0.7,300,140350
20240110,09:28:07,0.7,1800,140350
20240110,09:28:08,0.7,450,140350
20240110,09:28:16,0.7,50,140350
20240110,09:28:31,0.7,750,140350
20240110,09:28:36,0.7,600,140350
20240110,09:29:04,0.7,3600,140350
20240110,09:29:05,0.7,4650,140350
20240110,09:29:13,0.7,250,140350
20240110,09:29:15,0.7,250,140350
20240110,09:29:17,0.7,250,140350
20240110,09:29:24,0.7,1500,140350
20240110,09:29:27,0.7,800,140350
20240110,09:29:31,0.75,1800,140350
20240110,09:29:36,0.75,1800,144650
20240110,09:29:38,0.75,50,144650
20240110,09:29:43,0.75,50,144650
20240110,09:29:45,0.7,750,144650
20240110,09:29:48,0.7,150,144650
20240110,09:30:04,0.75,50,144650
20240110,09:30:09,0.75,50,144650
20240110,09:30:14,0.75,50,144650
20240110,09:30:15,0.75,700,144650
20240110,09:30:17,0.75,850,144650
20240110,09:30:18,0.75,850,144650
20240110,09:30:18,0.75,50,144650
20240110,09:30:20,0.75,1800,144650
20240110,09:30:22,0.75,1800,144650
20240110,09:30:22,0.8,400,144650
20240110,09:30:23,0.8,600,144650
20240110,09:30:25,0.8,300,144650
20240110,09:30:28,0.8,6700,144650
20240110,09:30:30,0.85,2800,144650
20240110,09:30:30,0.8,1800,144650
20240110,09:30:32,0.8,2900,144650
20240110,09:30:33,0.8,700,144650
20240110,09:30:35,0.8,50,144650
20240110,09:30:41,0.75,550,144650
20240110,09:30:42,0.8,50,144650
20240110,09:30:44,0.75,250,144650
20240110,09:30:48,0.8,50,144650
20240110,09:30:49,0.75,150,144650
20240110,09:30:50,0.75,150,144650
20240110,09:30:54,0.8,1800,144650
20240110,09:30:57,0.8,250,144650
20240110,09:30:58,0.8,50,144650
20240110,09:31:06,0.8,50,144650
20240110,09:31:12,0.8,250,144650
20240110,09:31:15,0.75,250,144650
20240110,09:31:18,0.75,250,144650
20240110,09:31:25,0.8,1200,144650
20240110,09:31:33,0.8,250,144650
20240110,09:31:34,0.8,300,144650
20240110,09:31:36,0.8,250,144650
20240110,09:31:40,0.75,350,144650
20240110,09:31:43,0.8,500,144650
20240110,09:31:45,0.8,250,144650
20240110,09:31:48,0.8,50,144650
20240110,09:31:56,0.75,950,144650
20240110,09:32:03,0.75,500,144650
20240110,09:32:04,0.8,100,144650
20240110,09:32:06,0.75,100,144650
20240110,09:32:12,0.8,50,144650
20240110,09:32:14,0.8,1850,144650
20240110,09:32:34,0.75,50,144650
20240110,09:32:38,0.8,50,154350
20240110,09:32:46,0.75,600,154350
20240110,09:32:47,0.75,50,154350
20240110,09:32:48,0.75,3000,154350
20240110,09:32:51,0.75,50,154350
20240110,09:32:56,0.75,3300,154350
20240110,09:32:56,0.75,1700,154350
20240110,09:33:01,0.75,400,154350
20240110,09:33:29,0.75,1100,154350
20240110,09:33:53,0.7,350,154350
20240110,09:33:54,0.7,600,154350
20240110,09:33:55,0.7,450,154350
20240110,09:33:55,0.7,1800,154350
20240110,09:34:07,0.7,500,154350
20240110,09:34:10,0.7,100,154350
20240110,09:34:13,0.7,50,154350
20240110,09:34:20,0.65,1050,154350
20240110,09:34:21,0.7,50,154350
20240110,09:34:35,0.65,1150,154350
20240110,09:34:37,0.65,50,154350
20240110,09:34:39,0.6,600,154350
20240110,09:34:41,0.65,900,154350
20240110,09:34:42,0.65,350,154350
20240110,09:34:43,0.65,1400,154350
20240110,09:34:44,0.65,250,154350
20240110,09:34:50,0.65,600,154350
20240110,09:34:55,0.65,600,154350
20240110,09:35:08,0.65,50,154350
20240110,09:35:09,0.65,50,154350
20240110,09:35:31,0.65,300,154350
20240110,09:35:36,0.65,50,151400
20240110,09:35:42,0.6,250,151400
20240110,09:35:48,0.65,500,151400
20240110,09:35:58,0.6,100,151400
20240110,09:36:00,0.6,600,151400
20240110,09:36:19,0.65,250,151400
20240110,09:36:29,0.65,50,151400
20240110,09:36:35,0.65,600,151400
20240110,09:36:43,0.6,150,151400
20240110,09:36:48,0.65,50,151400
20240110,09:36:52,0.65,250,151400
20240110,09:37:05,0.6,50,151400
20240110,09:37:09,0.65,50,151400
20240110,09:37:31,0.6,200,151400
20240110,09:37:35,0.65,350,151400
20240110,09:37:41,0.6,150,151400
20240110,09:37:49,0.65,1400,151400
20240110,09:37:50,0.65,3600,151400
20240110,09:37:52,0.6,150,151400
20240110,09:38:03,0.65,50,151400
20240110,09:38:44,0.65,1250,154300
20240110,09:38:46,0.65,350,154300
20240110,09:38:51,0.7,50,154300
20240110,09:39:58,0.65,150,154300
20240110,09:40:24,0.65,150,154300
20240110,09:40:33,0.65,50,154300
20240110,09:40:44,0.65,50,154300
20240110,09:41:02,0.65,50,154300
20240110,09:41:09,0.6,500,154300
20240110,09:41:17,0.6,50,154300
20240110,09:41:27,0.65,50,154300
20240110,09:41:56,0.6,50,152800
20240110,09:42:17,0.6,100,152800
20240110,09:42:26,0.65,50,152800
20240110,09:42:50,0.65,50,152800
20240110,09:42:53,0.65,250,152800
20240110,09:43:01,0.6,1750,152800
20240110,09:43:05,0.65,50,152800
20240110,09:43:24,0.6,1000,152800
20240110,09:43:26,0.6,100,152800
20240110,09:43:28,0.6,350,152800
20240110,09:43:36,0.65,50,152800
20240110,09:43:48,0.6,700,152800
20240110,09:44:19,0.6,700,152800
20240110,09:44:20,0.65,300,152800
20240110,09:44:23,0.6,100,152800
20240110,09:44:28,0.6,100,152800
20240110,09:45:48,0.6,800,152800
20240110,09:46:05,0.6,50,155550
20240110,09:46:08,0.6,650,155550
20240110,09:46:10,0.6,50,155550
20240110,09:46:34,0.55,50,155550
20240110,09:47:04,0.6,50,155550
20240110,09:47:33,0.6,50,155550
20240110,09:47:35,0.55,50,156100
20240110,09:48:20,0.6,300,156100
20240110,09:48:48,0.6,50,156100
20240110,09:48:54,0.6,50,156100
20240110,09:48:57,0.6,300,156100
20240110,09:49:06,0.6,1250,156100
20240110,09:49:44,0.6,50,156100
20240110,09:49:48,0.55,200,156100
20240110,09:50:18,0.6,50,156100
20240110,09:50:36,0.6,50,157100
20240110,09:51:02,0.55,200,157100
20240110,09:51:10,0.6,50,157100
20240110,09:51:39,0.6,1800,157100
20240110,09:52:33,0.6,650,157100
20240110,09:52:34,0.6,500,157100
20240110,09:52:45,0.6,50,157100
20240110,09:53:02,0.6,1750,157100
20240110,09:53:07,0.6,50,157100
20240110,09:53:16,0.6,100,157100
20240110,09:53:40,0.6,550,157100
20240110,09:54:01,0.6,50,158100
20240110,09:54:15,0.6,50,158100
20240110,09:54:17,0.6,50,158100
20240110,09:54:19,0.6,200,158100
20240110,09:54:23,0.6,50,158100
20240110,09:54:30,0.6,50,158100
20240110,09:54:30,0.55,50,158100
20240110,09:54:37,0.6,50,158100
20240110,09:55:00,0.55,50,158100
20240110,09:55:04,0.6,50,158100
20240110,09:55:44,0.55,350,158100
20240110,09:55:54,0.6,50,158100
20240110,09:56:36,0.55,50,159200
20240110,09:56:37,0.6,50,159200
20240110,09:56:38,0.6,50,159200
20240110,09:56:46,0.6,50,159200
20240110,09:57:43,0.55,50,159200
20240110,09:58:18,0.55,50,159200
20240110,09:58:28,0.55,50,159200
20240110,09:58:34,0.6,50,159200
20240110,09:58:41,0.55,650,159200
20240110,09:58:52,0.55,50,159200
20240110,09:59:00,0.6,150,159200
20240110,09:59:03,0.6,50,159200
20240110,10:00:24,0.6,50,158800
20240110,10:00:35,0.6,50,158800
20240110,10:00:37,0.6,1000,158800
20240110,10:00:39,0.6,50,158800
20240110,10:01:59,0.55,50,158800
20240110,10:02:19,0.6,50,158800
20240110,10:02:33,0.55,50,158800
20240110,10:02:50,0.6,200,158800
20240110,10:03:09,0.6,1800,159900
20240110,10:03:13,0.6,1200,159900
20240110,10:03:14,0.6,50,159900
20240110,10:03:36,0.65,50,159900
20240110,10:04:04,0.6,50,159900
20240110,10:04:36,0.6,50,159900
20240110,10:04:51,0.65,50,159900
20240110,10:06:15,0.65,50,159900
20240110,10:06:35,0.65,50,159200
20240110,10:06:47,0.6,250,159200
20240110,10:07:32,0.65,100,159200
20240110,10:07:34,0.6,500,159200
20240110,10:07:44,0.6,1000,159200
20240110,10:07:46,0.6,500,159200
20240110,10:07:51,0.6,300,159200
20240110,10:07:55,0.6,550,159200
20240110,10:07:56,0.6,800,159200
20240110,10:07:57,0.55,500,159200
20240110,10:08:02,0.55,50,159200
20240110,10:08:03,0.55,400,159200
20240110,10:08:05,0.65,850,159200
20240110,10:08:14,0.6,50,159200
20240110,10:08:20,0.6,50,159200
20240110,10:08:34,0.65,1400,159200
20240110,10:08:41,0.6,50,159200
20240110,10:08:43,0.6,50,157250
20240110,10:08:44,0.6,50,157250
20240110,10:08:59,0.65,50,157250
20240110,10:09:15,0.65,50,157250
20240110,10:09:18,0.6,50,157250
20240110,10:09:51,0.6,50,157250
20240110,10:09:59,0.6,250,157250
20240110,10:10:15,0.65,100,157250
20240110,10:10:19,0.65,50,157250
20240110,10:10:25,0.6,50,157250
20240110,10:10:42,0.6,100,157250
20240110,10:10:44,0.6,100,157250
20240110,10:10:53,0.6,50,157250
20240110,10:11:32,0.65,50,157250
20240110,10:12:10,0.65,50,157350
20240110,10:13:40,0.6,500,157350
20240110,10:14:04,0.65,50,157350
20240110,10:14:26,0.6,250,157350
20240110,10:14:32,0.65,1800,157350
20240110,10:14:40,0.65,50,157350
20240110,10:14:43,0.6,150,158350
20240110,10:14:47,0.6,350,158350
20240110,10:15:05,0.65,50,158350
20240110,10:15:48,0.6,1000,158350
20240110,10:15:50,0.6,500,158350
20240110,10:15:56,0.65,50,158350
20240110,10:15:59,0.6,1750,158350
20240110,10:16:08,0.6,1800,158350
20240110,10:16:09,0.6,550,158350
20240110,10:16:10,0.6,950,158350
20240110,10:16:14,0.6,150,158350
20240110,10:16:16,0.6,50,158350
20240110,10:16:39,0.55,50,158350
20240110,10:16:40,0.6,50,158350
20240110,10:16:44,0.6,100,158350
20240110,10:16:46,0.6,150,158350
20240110,10:17:32,0.55,550,158350
20240110,10:17:50,0.6,50,158350
20240110,10:18:05,0.55,50,161050
20240110,10:18:10,0.6,1100,161050
20240110,10:18:37,0.6,50,161050
20240110,10:18:54,0.6,100,161050
20240110,10:19:03,0.55,650,161050
20240110,10:19:05,0.55,400,161050
20240110,10:19:19,0.55,50,161050
20240110,10:19:21,0.55,1800,161050
20240110,10:19:27,0.55,250,161050
20240110,10:19:29,0.55,250,161050
20240110,10:19:32,0.55,1800,161050
20240110,10:19:36,0.55,1350,161050
20240110,10:19:37,0.55,1800,161050
20240110,10:19:47,0.55,1600,161050
20240110,10:19:48,0.55,50,161050
20240110,10:19:54,0.55,50,161050
20240110,10:20:02,0.5,150,161050
20240110,10:20:10,0.5,950,161050
20240110,10:20:15,0.5,50,161050
20240110,10:20:21,0.5,50,161050
20240110,10:20:45,0.5,50,170300
20240110,10:20:47,0.55,50,170300
20240110,10:21:21,0.55,1800,170300
20240110,10:21:44,0.5,50,170300
20240110,10:21:48,0.55,50,170300
20240110,10:21:56,0.5,50,170300
20240110,10:21:59,0.5,50,170300
20240110,10:22:27,0.5,750,170300
20240110,10:22:49,0.5,150,170300
20240110,10:22:55,0.5,50,170300
20240110,10:23:00,0.55,800,170300
20240110,10:23:08,0.5,50,170300
20240110,10:23:45,0.5,250,170300
20240110,10:24:07,0.5,50,171250
20240110,10:24:40,0.55,50,171250
20240110,10:25:53,0.55,50,171250
20240110,10:26:10,0.5,50,171250
20240110,10:26:51,0.55,50,171500
20240110,10:27:00,0.55,50,171500
20240110,10:27:10,0.5,50,171500
20240110,10:27:40,0.55,50,171500
20240110,10:27:54,0.5,50,171500
20240110,10:28:17,0.55,2050,171500
20240110,10:28:17,0.55,12500,171500
20240110,10:28:32,0.55,1000,171500
20240110,10:28:34,0.55,50,171500
