date,time,tick_price,volume,open_interest
20231130,09:19:46,140.5,550,550
20231130,09:23:36,137.85,250,550
20231130,09:24:06,137.85,500,800
20231130,09:24:59,141.0,100,800
20231130,09:28:52,138.55,100,1300
20231130,09:31:02,139.0,1800,1400
20231130,09:31:10,139.65,100,1400
20231130,09:35:11,135.9,250,3300
20231130,09:35:20,135.9,150,3300
20231130,09:41:05,143.15,50,3500
20231130,09:46:34,143.15,50,3550
20231130,09:50:08,136.85,50,3600
20231130,09:51:46,137.0,150,3650
20231130,09:52:34,136.4,100,3650
20231130,09:52:50,133.3,100,3650
20231130,09:53:30,133.3,200,3650
20231130,09:55:58,122.7,50,3700
20231130,10:06:02,122.7,50,3750
20231130,10:06:11,123.2,200,3750
20231130,10:06:28,123.2,200,3750
20231130,10:09:29,126.35,150,4200
20231130,10:11:11,125.35,50,4200
20231130,10:11:36,125.4,150,4200
20231130,10:13:41,128.95,50,4550
20231130,10:16:23,128.95,50,4550
20231130,10:20:18,129.05,150,4600
20231130,10:22:07,129.85,500,4750
20231130,10:22:58,130.5,50,4750
20231130,10:23:06,132.55,50,4750
20231130,10:23:14,130.6,50,4750
20231130,10:45:00,145.0,350,5350
20231130,10:47:25,145.0,100,5350
20231130,10:47:34,142.0,50,5350
20231130,10:49:51,142.0,200,5450
20231130,10:50:07,140.25,50,5450
20231130,11:04:39,140.0,50,5700
20231130,11:09:06,142.8,50,5750
20231130,11:09:38,140.0,50,5750
20231130,11:10:21,138.05,50,5750
20231130,11:12:01,137.05,50,5750
20231130,11:12:10,138.0,50,5750
20231130,11:14:58,135.1,200,5850
20231130,11:15:40,135.05,100,5950
20231130,11:41:58,139.05,1000,6050
20231130,11:44:22,137.0,50,6050
20231130,12:02:37,135.65,50,6200
20231130,12:03:35,137.05,1000,6200
20231130,12:03:42,137.0,200,6200
20231130,12:04:38,137.0,700,6200
20231130,12:06:25,136.7,50,4700
20231130,12:15:50,130.95,200,4700
20231130,12:18:31,134.25,50,4750
20231130,12:24:00,132.55,50,4800
20231130,12:32:41,132.45,50,4750
20231130,12:42:05,134.9,50,4750
20231130,12:43:04,134.9,500,4800
20231130,12:51:49,136.65,50,5300
20231130,12:52:17,136.65,50,5300
20231130,12:52:35,136.65,50,5300
20231130,12:52:44,138.6,50,5300
20231130,12:52:51,136.85,50,5300
20231130,12:53:05,136.85,50,5300
20231130,12:54:42,137.5,100,5550
20231130,12:55:05,137.5,50,5550
20231130,12:57:47,137.0,50,5700
20231130,13:03:02,137.55,50,5750
20231130,13:11:53,138.7,50,5750
20231130,13:13:46,138.55,100,5800
20231130,13:16:05,142.35,100,5900
20231130,13:16:10,142.5,200,5900
20231130,13:18:55,138.75,50,6100
20231130,13:23:11,140.7,50,6100
20231130,13:23:54,140.95,100,6100
20231130,13:24:27,141.0,50,6250
20231130,13:24:52,143.65,150,6250
20231130,13:31:43,142.0,50,6250
20231130,13:34:42,140.8,50,6450
20231130,13:39:25,144.15,50,6450
20231130,13:43:42,150.0,50,6500
20231130,13:52:28,150.9,50,6500
20231130,13:52:41,150.9,50,6500
20231130,14:23:29,142.05,100,6450
20231130,14:29:00,146.4,50,6550
20231130,14:33:05,148.4,50,6550
20231130,14:36:22,148.4,100,6600
20231130,14:49:00,148.6,100,6700
20231130,14:55:47,151.65,50,6700
20231130,14:56:23,154.9,50,6700
20231130,15:02:50,154.9,200,6750
20231130,15:06:56,158.7,50,6800
20231130,15:07:13,160.55,100,6800
20231130,15:10:26,160.55,50,6900
20231130,15:11:00,160.6,200,6900
20231130,15:11:18,160.6,500,6900
20231130,15:14:31,160.55,50,6350
20231130,15:16:20,161.3,950,6400
20231130,15:18:21,160.6,100,6400
20231130,15:19:50,158.2,150,6400
20231130,15:20:08,160.0,50,6400
20231130,15:21:18,161.1,50,6400
20231130,15:22:39,165.45,150,6650
20231130,15:24:16,163.6,200,6650
20231130,15:25:50,165.0,50,6900
20231130,15:26:16,165.0,50,6900
20231130,15:26:45,163.7,50,6900
20231130,15:27:39,163.0,150,6900
20231130,15:28:05,159.1,200,7150
20231130,15:30:01,159.0,100,7150
20231201,09:15:03,160.55,1,7100
20231201,09:15:03,160.55,50,7100
20231201,09:15:32,177.95,150,7100
20231201,09:15:38,179.35,400,7100
20231201,09:15:44,179.35,150,7100
20231201,09:16:02,177.55,50,7100
20231201,09:16:09,177.5,100,7100
20231201,09:16:15,177.35,300,7100
20231201,09:17:43,177.2,100,7000
20231201,09:18:02,179.45,50,7000
20231201,09:18:09,182.4,100,7000
20231201,09:18:48,183.6,50,7000
20231201,09:19:12,184.2,50,7000
20231201,09:20:57,187.1,50,6950
20231201,09:21:04,187.1,50,6950
20231201,09:21:06,186.55,300,6950
20231201,09:21:08,186.25,50,6950
20231201,09:21:09,186.2,150,6950
20231201,09:21:14,186.65,50,6950
20231201,09:21:48,185.15,100,6950
20231201,09:21:51,185.25,50,6950
20231201,09:22:16,183.4,200,6950
20231201,09:22:40,182.0,50,6950
20231201,09:22:50,182.9,50,6950
20231201,09:22:51,183.0,100,6950
20231201,09:24:27,182.0,50,7850
20231201,09:25:57,184.0,100,7850
20231201,09:28:08,185.2,50,7900
20231201,09:28:20,185.1,50,7900
20231201,09:28:26,185.1,50,7900
20231201,09:29:10,186.15,200,7900
20231201,09:29:25,187.0,100,8250
20231201,09:29:57,186.65,50,8250
20231201,09:30:38,187.2,500,8250
20231201,09:31:15,187.0,100,8250
20231201,09:31:42,187.0,50,8250
20231201,09:31:43,187.0,50,8250
20231201,09:31:45,187.95,100,8250
20231201,09:31:54,188.65,300,8250
20231201,09:32:22,188.65,100,8950
20231201,09:32:32,188.25,50,8950
20231201,09:32:49,188.25,100,8950
20231201,09:32:56,188.0,400,8950
20231201,09:33:04,188.7,450,8950
20231201,09:33:12,189.2,250,8950
20231201,09:33:28,189.9,50,8950
20231201,09:34:24,189.9,500,8950
20231201,09:34:59,187.8,50,8950
20231201,09:35:09,184.45,100,8950
20231201,09:35:11,184.6,250,8950
20231201,09:35:12,184.95,50,8950
20231201,09:35:44,184.0,200,10000
20231201,09:36:43,184.5,100,10000
20231201,09:37:14,184.5,500,10000
20231201,09:37:26,184.5,450,10000
20231201,09:37:31,184.5,50,10000
20231201,09:38:00,183.0,50,10000
20231201,09:38:44,184.05,200,10900
20231201,09:38:57,184.7,50,10900
20231201,09:40:11,186.25,50,10900
20231201,09:40:24,185.75,250,10900
20231201,09:40:44,185.5,200,10900
20231201,09:40:50,186.0,50,10900
20231201,09:40:57,185.9,200,10900
20231201,09:41:02,186.15,850,10900
20231201,09:41:57,186.2,50,10900
20231201,09:42:05,185.65,50,12650
20231201,09:43:45,185.6,50,12650
20231201,09:44:33,185.6,150,12750
20231201,09:44:47,185.1,50,12750
20231201,09:45:19,185.6,250,12750
20231201,09:45:20,186.0,500,12750
20231201,09:46:15,186.3,100,12750
20231201,09:47:50,186.0,250,13550
20231201,09:48:08,186.1,50,13550
20231201,09:48:31,187.35,50,13550
20231201,09:48:57,188.45,100,13550
20231201,09:53:01,198.0,150,13900
20231201,09:53:11,198.05,100,13900
20231201,09:53:32,198.9,250,14050
20231201,09:53:41,201.45,600,14050
20231201,09:54:35,205.2,100,14050
20231201,09:54:36,205.2,200,14050
20231201,09:54:37,205.65,100,14050
20231201,09:54:55,206.35,1100,14050
20231201,09:54:57,206.65,500,14050
20231201,09:55:07,206.65,200,14050
20231201,09:55:11,202.95,150,14050
20231201,09:55:24,202.45,50,14050
20231201,09:55:43,202.45,50,14050
20231201,09:55:47,202.3,100,14050
20231201,09:56:08,203.4,50,14050
20231201,09:57:05,207.45,50,14050
20231201,09:57:31,207.45,150,15050
20231201,09:57:54,208.2,100,15050
20231201,09:58:02,208.2,350,15050
20231201,09:58:58,207.25,350,15050
20231201,09:59:13,207.3,150,15050
20231201,09:59:15,207.25,50,15050
20231201,09:59:17,207.05,100,15050
20231201,09:59:20,207.0,850,15050
20231201,09:59:21,206.95,150,15900
20231201,09:59:29,206.2,50,15900
20231201,09:59:43,206.05,200,15900
20231201,10:00:00,206.3,100,15900
20231201,10:00:51,205.45,50,15900
20231201,10:00:57,205.0,500,15900
20231201,10:01:22,204.35,500,15900
20231201,10:01:24,205.35,50,15900
20231201,10:01:38,205.15,50,15900
20231201,10:01:45,204.4,50,15900
20231201,10:02:10,204.95,100,15900
20231201,10:02:23,205.0,100,18050
20231201,10:02:25,203.5,500,18050
20231201,10:03:29,206.2,50,18050
20231201,10:03:43,206.2,100,18050
20231201,10:03:47,206.35,50,18050
20231201,10:03:52,205.25,50,18050
20231201,10:04:00,204.05,50,18050
20231201,10:05:21,202.05,200,18700
20231201,10:05:22,201.25,250,18700
20231201,10:06:36,200.35,150,18700
20231201,10:06:47,201.35,50,18700
20231201,10:07:22,200.6,100,18700
20231201,10:07:54,199.6,500,18700
20231201,10:08:19,198.3,150,18700
20231201,10:08:32,197.95,200,19050
20231201,10:08:51,197.1,50,19050
20231201,10:08:54,197.8,50,19050
20231201,10:08:57,196.5,150,19050
20231201,10:08:59,195.95,100,19050
20231201,10:09:00,196.35,50,19050
20231201,10:09:07,194.5,50,19050
20231201,10:09:52,198.15,100,19050
20231201,10:11:17,198.1,50,19050
20231201,10:11:19,199.55,100,19050
20231201,10:11:28,199.95,50,19150
20231201,10:11:48,201.85,50,19150
20231201,10:13:11,204.25,100,19150
20231201,10:13:49,204.2,500,19150
20231201,10:14:26,203.5,200,19200
20231201,10:15:15,201.95,200,19200
20231201,10:18:02,202.0,50,19350
20231201,10:19:14,201.9,50,19350
20231201,10:19:43,203.35,50,19350
20231201,10:21:45,200.25,200,19450
20231201,10:21:52,200.95,50,19450
20231201,10:22:11,199.85,50,19450
20231201,10:22:21,200.5,50,19450
20231201,10:23:22,198.8,50,19450
20231201,10:23:41,198.0,50,19450
20231201,10:24:09,197.15,50,19450
20231201,10:24:43,197.7,50,19450
20231201,10:25:32,198.45,50,19450
20231201,10:26:19,199.0,50,19450
20231201,10:28:21,200.35,100,19450
20231201,10:30:03,196.9,50,19550
20231201,10:30:07,198.0,100,19550
20231201,10:30:53,194.0,50,19550
20231201,10:31:04,195.35,200,19550
20231201,10:31:05,194.65,250,19550
20231201,10:32:54,195.35,100,19550
20231201,10:34:59,198.1,500,19550
20231201,10:35:17,198.4,50,19550
20231201,10:36:08,198.4,100,19650
20231201,10:37:14,197.3,100,19650
20231201,10:37:45,197.25,100,19650
20231201,10:39:50,198.05,50,19600
20231201,10:40:35,198.3,50,19600
20231201,10:41:08,199.0,50,19600
20231201,10:41:42,199.0,50,19600
20231201,10:41:58,198.45,50,19600
20231201,10:42:26,197.65,50,19600
20231201,10:42:28,198.0,100,19600
20231201,10:42:54,196.95,50,19600
20231201,10:44:40,197.15,50,19700
20231201,10:45:28,196.0,100,19700
20231201,10:45:34,196.5,50,19700
20231201,10:45:45,197.15,50,19700
20231201,10:47:08,196.0,100,19700
20231201,10:47:57,198.0,100,19500
20231201,10:50:20,199.0,100,19500
20231201,10:50:27,198.95,100,19400
20231201,10:50:28,198.65,200,19400
20231201,10:50:43,198.8,50,19400
20231201,10:51:37,197.75,50,19400
20231201,10:52:41,196.25,50,19400
20231201,10:55:27,196.1,50,19750
20231201,10:58:49,198.85,50,19700
20231201,10:58:50,199.1,300,19700
20231201,10:59:16,199.45,50,19700
20231201,10:59:34,200.85,100,20050
20231201,11:00:25,199.65,50,20050
20231201,11:02:49,200.15,50,20000
20231201,11:03:11,200.7,50,20000
20231201,11:05:03,202.0,50,20000
20231201,11:05:39,202.55,100,20050
20231201,11:05:46,202.75,50,20050
20231201,11:06:40,202.0,50,20050
20231201,11:06:41,202.0,50,20050
20231201,11:08:28,201.7,50,20050
20231201,11:08:29,201.9,50,19950
20231201,11:08:36,199.65,50,19950
20231201,11:15:12,198.75,50,19950
20231201,11:15:24,198.15,50,19900
20231201,11:17:17,198.0,100,19900
20231201,11:21:35,198.05,100,20000
20231201,11:23:06,198.5,50,20000
20231201,11:23:54,198.0,100,20050
20231201,11:25:04,198.0,50,20050
20231201,11:26:20,202.25,300,20050
20231201,11:26:52,202.05,50,19950
20231201,11:27:40,202.95,50,19950
20231201,11:29:03,204.45,50,19950
20231201,11:29:46,205.0,50,20000
20231201,11:30:07,205.45,50,20000
20231201,11:30:23,204.35,150,20000
20231201,11:30:28,204.35,200,20000
20231201,11:30:48,205.0,50,20000
20231201,11:33:22,203.0,200,20200
20231201,11:34:51,202.95,50,20200
20231201,11:34:57,202.95,50,20200
20231201,11:35:16,202.65,50,20200
20231201,11:35:29,201.75,100,20200
20231201,11:35:37,202.15,50,20400
20231201,11:38:21,201.6,200,20400
20231201,11:40:08,201.75,50,20350
20231201,11:41:04,203.0,150,20350
20231201,11:41:50,202.25,50,20350
20231201,11:42:59,200.55,50,20350
20231201,11:45:04,202.25,50,20350
20231201,11:45:18,201.55,50,20350
20231201,11:48:43,201.6,100,20450
20231201,11:49:18,202.85,50,20450
20231201,11:50:31,202.65,50,20450
20231201,11:51:01,202.85,200,20600
20231201,11:51:49,201.9,50,20600
20231201,11:51:58,201.75,150,20600
20231201,11:52:39,202.3,50,20600
20231201,11:58:12,203.55,50,20900
20231201,11:59:10,203.9,50,20900
20231201,11:59:33,203.95,50,20900
20231201,12:02:02,203.95,50,21000
20231201,12:02:18,204.6,200,21000
20231201,12:04:27,203.15,50,21000
20231201,12:06:45,204.15,100,20950
20231201,12:07:20,204.0,150,20950
20231201,12:07:43,203.5,450,20950
20231201,12:07:45,203.5,150,20950
20231201,12:08:03,203.5,450,20950
20231201,12:08:59,203.8,50,21400
20231201,12:09:43,202.85,50,21400
20231201,12:10:00,202.55,50,21400
20231201,12:10:21,202.55,50,21400
20231201,12:11:48,204.1,50,21500
20231201,12:11:54,204.3,500,21500
20231201,12:12:46,204.15,100,21500
20231201,12:13:05,204.3,100,21500
20231201,12:14:10,202.5,50,21500
20231201,12:15:22,200.85,100,21450
20231201,12:16:55,199.2,500,21450
20231201,12:21:23,201.1,100,21300
20231201,12:22:17,202.5,50,21300
20231201,12:30:09,199.0,750,21350
20231201,12:31:05,198.15,150,21350
20231201,12:31:09,198.15,100,21350
20231201,12:31:31,196.8,250,21350
20231201,12:31:32,198.15,50,21350
20231201,12:32:56,198.0,250,22100
20231201,12:34:28,199.35,50,22100
20231201,12:34:31,199.4,100,22100
20231201,12:34:50,199.5,50,22100
20231201,12:37:44,200.35,50,22200
20231201,12:42:38,202.95,300,22200
20231201,12:43:46,201.2,50,22200
20231201,12:46:08,202.55,50,22200
20231201,12:49:04,202.0,50,22550
20231201,12:49:30,203.4,50,22550
20231201,12:49:32,202.8,150,22550
20231201,12:51:38,203.15,50,22650
20231201,12:53:40,203.95,150,22650
20231201,12:56:23,205.55,100,22650
20231201,12:57:18,205.55,100,22600
20231201,12:58:23,204.3,50,22600
20231201,13:00:01,204.3,50,22600
20231201,13:02:19,205.0,200,22650
20231201,13:02:35,203.9,100,22650
20231201,13:04:13,206.1,50,22650
20231201,13:04:14,206.4,50,22700
20231201,13:04:15,207.65,200,22700
20231201,13:04:19,207.85,50,22700
20231201,13:08:15,203.15,50,22650
20231201,13:08:24,203.15,50,22650
20231201,13:08:29,202.65,50,22650
20231201,13:08:35,202.9,50,22650
20231201,13:08:40,202.75,50,22650
20231201,13:10:08,202.5,50,22800
20231201,13:12:25,203.65,50,22800
20231201,13:16:10,203.9,150,22850
20231201,13:18:51,201.85,150,22850
20231201,13:19:00,201.85,50,22850
20231201,13:19:18,201.65,50,22850
20231201,13:26:26,201.65,100,22900
20231201,13:26:32,201.4,50,22900
20231201,13:30:42,202.7,200,23050
20231201,13:32:07,203.4,150,23050
20231201,13:34:57,202.25,50,23100
20231201,13:35:04,202.5,50,23100
20231201,13:35:09,201.95,100,23100
20231201,13:35:12,201.95,50,23100
20231201,13:36:48,202.6,50,23150
20231201,13:42:10,202.45,50,23150
20231201,13:42:17,202.6,100,23150
20231201,13:46:40,204.15,50,23300
20231201,13:50:40,206.95,500,23300
20231201,13:50:59,206.5,100,23550
20231201,13:51:02,207.0,400,23550
20231201,13:54:19,203.8,50,24000
20231201,13:54:27,203.9,50,24000
20231201,13:54:47,203.85,50,24000
20231201,13:55:05,203.6,1050,24000
20231201,13:58:46,203.6,50,24000
20231201,13:58:46,203.6,50,24250
20231201,13:58:52,203.6,400,24250
20231201,14:00:06,203.0,50,24650
20231201,14:00:19,203.0,1450,24650
20231201,14:00:55,203.8,50,24650
20231201,14:01:02,203.8,1450,24650
20231201,14:03:19,205.5,500,27100
20231201,14:03:46,205.0,100,27100
20231201,14:03:48,205.0,100,27100
20231201,14:04:24,205.0,350,27100
20231201,14:04:25,205.0,950,27100
20231201,14:04:40,206.9,50,27100
20231201,14:05:02,207.25,200,27100
20231201,14:05:08,207.8,100,27100
20231201,14:05:10,207.8,300,27100
20231201,14:05:32,209.0,250,27100
20231201,14:06:55,209.0,50,27100
20231201,14:08:01,204.45,100,28250
20231201,14:08:04,203.5,1500,28250
20231201,14:08:23,204.2,50,28250
20231201,14:08:32,204.1,100,28250
20231201,14:08:33,204.05,50,28250
20231201,14:08:39,204.25,50,28250
20231201,14:08:47,203.15,50,28250
20231201,14:11:50,203.0,100,29600
20231201,14:12:33,202.0,50,29650
20231201,14:14:24,201.5,100,29650
20231201,14:17:02,200.45,250,29650
20231201,14:17:19,201.0,700,29650
20231201,14:17:20,201.0,700,29650
20231201,14:18:40,201.3,450,30400
20231201,14:18:59,201.5,1150,30400
20231201,14:19:24,200.9,50,30400
20231201,14:19:38,201.5,350,30400
20231201,14:20:31,201.1,400,30400
20231201,14:20:33,201.1,50,30400
20231201,14:20:44,201.1,50,30400
20231201,14:20:46,201.1,100,30400
20231201,14:20:47,201.1,400,30400
20231201,14:21:37,201.9,100,31800
20231201,14:22:17,200.55,50,31800
20231201,14:22:43,200.75,50,31800
20231201,14:23:04,200.85,50,31800
20231201,14:23:36,200.85,150,31800
20231201,14:23:47,200.8,50,31800
20231201,14:23:55,201.0,150,31800
20231201,14:25:20,201.0,50,31800
20231201,14:25:42,201.4,150,32300
20231201,14:25:48,200.95,50,32300
20231201,14:25:48,201.35,800,32300
20231201,14:26:13,201.6,50,32300
20231201,14:26:14,201.6,50,32300
20231201,14:26:44,201.55,50,32300
20231201,14:26:50,201.4,50,32300
20231201,14:26:57,201.4,50,32300
20231201,14:29:31,200.05,50,31250
20231201,14:29:45,200.05,50,31250
20231201,14:30:14,200.0,50,31300
20231201,14:31:11,197.6,100,31300
20231201,14:32:25,196.6,200,31300
20231201,14:32:26,195.5,550,31300
20231201,14:36:18,195.45,100,31300
20231201,14:40:13,195.0,200,31400
20231201,14:41:18,195.15,100,31400
20231201,14:47:32,191.2,50,31500
20231201,14:47:36,191.95,50,31500
20231201,14:47:48,191.55,50,31500
20231201,14:48:02,192.8,50,31650
20231201,14:48:58,195.85,50,31650
20231201,14:49:14,194.5,150,31650
20231201,14:51:16,195.0,100,31600
20231201,14:51:17,195.0,100,31600
20231201,14:51:18,195.0,300,31600
20231201,14:51:52,194.9,50,31600
20231201,14:54:54,191.65,150,32100
20231201,14:55:37,192.7,100,32100
20231201,14:56:04,192.35,50,32100
20231201,14:57:46,192.45,50,32250
20231201,14:59:32,192.0,500,32250
20231201,15:00:14,192.45,300,32300
20231201,15:00:17,192.75,50,32300
20231201,15:00:26,193.75,50,32300
20231201,15:00:33,194.75,100,32300
20231201,15:01:33,194.0,50,32300
20231201,15:01:35,194.0,100,32300
20231201,15:01:44,194.0,350,32300
20231201,15:02:35,194.0,50,32300
20231201,15:03:05,194.95,50,32900
20231201,15:03:18,195.0,100,32900
20231201,15:03:28,196.35,50,32900
20231201,15:03:35,195.4,50,32900
20231201,15:04:49,194.9,50,32900
20231201,15:04:54,194.9,50,32900
20231201,15:04:57,194.85,50,32900
20231201,15:05:42,194.7,50,32900
20231201,15:05:45,194.5,50,32900
20231201,15:05:48,194.0,50,32900
20231201,15:05:49,194.45,50,32900
20231201,15:06:23,194.0,50,32950
20231201,15:07:02,194.0,50,32950
20231201,15:07:14,194.0,100,32950
20231201,15:08:33,194.0,50,32950
20231201,15:08:46,193.6,50,32950
20231201,15:10:13,193.05,200,32950
20231201,15:10:27,192.95,50,33200
20231201,15:12:08,193.0,500,33350
20231201,15:12:18,192.55,50,33350
20231201,15:13:41,193.0,250,33350
20231201,15:14:02,193.0,350,33350
20231201,15:14:28,193.35,50,33350
20231201,15:14:38,192.05,150,33350
20231201,15:16:27,192.6,50,33600
20231201,15:16:56,193.15,50,33600
20231201,15:17:27,193.3,1100,33600
20231201,15:17:48,193.65,50,33600
20231201,15:18:21,193.8,100,33800
20231201,15:19:08,193.2,50,33800
20231201,15:19:34,193.75,50,33800
20231201,15:19:40,193.9,1500,33800
20231201,15:21:10,193.6,50,33900
20231201,15:22:08,193.2,200,33900
20231201,15:24:06,191.45,150,33900
20231201,15:25:23,191.0,50,33900
20231201,15:25:32,191.25,50,34100
20231201,15:26:20,190.7,100,34100
20231201,15:26:28,190.7,200,34100
20231201,15:26:36,190.9,300,34100
20231201,15:27:34,190.6,200,34700
20231201,15:27:35,190.6,150,34700
20231201,15:27:36,190.6,50,34700
20231201,15:27:46,190.1,50,34700
20231201,15:27:47,189.65,1000,34700
20231201,15:28:05,189.15,150,34700
20231201,15:28:15,187.6,50,34700
20231201,15:28:18,187.35,50,34700
20231201,15:28:27,186.85,800,34700
20231201,15:29:00,186.85,150,34700
20231201,15:29:06,188.2,50,34700
20231201,15:29:10,186.8,50,34700
20231201,15:29:27,186.8,50,34700
20231201,15:29:30,186.95,50,34700
20231204,09:15:36,299.95,1,36000
20231204,09:15:36,300.0,1,36000
20231204,09:15:36,296.4,400,36000
20231204,09:15:44,296.7,50,36000
20231204,09:15:51,297.15,50,36000
20231204,09:15:59,300.6,900,36000
20231204,09:16:06,303.0,350,36000
20231204,09:16:14,303.0,700,36000
20231204,09:16:22,304.55,600,36000
20231204,09:16:29,305.25,600,36000
20231204,09:16:37,307.75,150,36000
20231204,09:16:44,309.65,200,36000
20231204,09:16:52,309.05,50,36000
20231204,09:16:59,314.0,450,36000
20231204,09:17:08,315.0,400,36000
20231204,09:17:16,316.1,200,36000
20231204,09:17:23,315.0,150,33300
20231204,09:17:31,315.0,50,33300
20231204,09:17:39,317.85,50,33300
20231204,09:17:48,317.85,50,33300
20231204,09:17:56,315.35,50,33300
20231204,09:18:03,315.4,100,33300
20231204,09:18:11,315.35,350,33300
20231204,09:18:18,315.35,150,33300
20231204,09:18:26,313.5,250,33300
20231204,09:18:34,314.05,200,33300
20231204,09:18:42,309.2,1850,33300
20231204,09:18:58,305.2,50,33300
20231204,09:19:13,308.75,1150,33300
20231204,09:19:28,305.9,50,33300
20231204,09:19:44,304.9,450,33300
20231204,09:19:51,303.5,50,33300
20231204,09:19:52,303.85,50,33300
20231204,09:19:56,304.5,100,33300
20231204,09:20:12,304.5,50,33300
20231204,09:20:13,303.85,200,33300
20231204,09:20:20,303.75,100,33900
20231204,09:20:22,304.5,100,33900
20231204,09:20:26,304.05,200,33900
20231204,09:20:27,303.2,100,33900
20231204,09:20:43,299.1,50,33900
20231204,09:20:53,297.95,50,33900
20231204,09:21:04,295.95,200,33900
20231204,09:21:05,296.0,50,33900
20231204,09:21:18,294.4,100,33900
20231204,09:21:22,294.2,200,33900
20231204,09:21:32,294.15,100,33900
20231204,09:22:23,290.55,50,33900
20231204,09:22:26,290.05,50,33900
20231204,09:22:31,290.05,100,33900
20231204,09:22:32,291.95,100,33900
20231204,09:22:33,292.0,750,33900
20231204,09:22:36,291.45,50,33900
20231204,09:22:43,293.55,50,33900
20231204,09:22:48,294.3,250,33900
20231204,09:23:08,295.0,50,33900
20231204,09:23:15,295.5,800,33900
20231204,09:23:16,295.95,150,33900
20231204,09:23:17,296.25,100,33900
20231204,09:23:19,296.0,100,33900
20231204,09:23:21,295.1,250,33750
20231204,09:23:22,295.95,150,33750
20231204,09:23:24,295.8,200,33750
20231204,09:23:26,295.5,100,33750
20231204,09:23:30,295.8,100,33750
20231204,09:23:31,296.9,350,33750
20231204,09:23:33,298.0,100,33750
20231204,09:23:37,299.0,350,33750
20231204,09:23:38,298.4,50,33750
20231204,09:23:40,299.0,350,33750
20231204,09:23:41,299.95,250,33750
20231204,09:23:44,300.0,150,33750
20231204,09:23:46,300.0,250,33750
20231204,09:23:47,300.6,100,33750
20231204,09:23:57,302.45,50,33750
20231204,09:24:08,305.0,50,33750
20231204,09:24:10,306.5,350,33750
20231204,09:24:17,304.7,50,33750
20231204,09:24:27,304.7,50,33750
20231204,09:24:28,306.45,50,33750
20231204,09:24:52,306.85,50,33750
20231204,09:25:06,306.2,50,33750
20231204,09:25:12,306.75,50,33750
20231204,09:25:13,306.9,200,33750
20231204,09:25:15,305.45,50,33750
20231204,09:25:17,305.45,50,33750
20231204,09:25:18,305.45,50,33750
20231204,09:25:21,305.95,50,33750
20231204,09:25:32,306.0,200,33750
20231204,09:25:42,306.75,50,33750
20231204,09:25:43,306.95,50,33750
20231204,09:25:46,306.35,50,33750
20231204,09:25:48,307.0,250,33750
20231204,09:25:55,308.3,100,33750
20231204,09:25:57,308.0,100,33750
20231204,09:26:05,310.0,200,33750
20231204,09:26:10,310.0,300,33750
20231204,09:26:48,312.0,100,36350
20231204,09:27:08,313.3,100,36350
20231204,09:27:26,314.0,50,36350
20231204,09:27:39,314.4,100,36350
20231204,09:27:57,315.5,250,36350
20231204,09:28:23,317.0,50,36350
20231204,09:29:10,319.0,50,36350
20231204,09:29:27,319.95,50,36550
20231204,09:29:42,319.95,500,36550
20231204,09:29:43,317.0,250,36550
20231204,09:29:57,316.35,50,36550
20231204,09:30:03,316.0,50,36550
20231204,09:30:05,316.25,50,36550
20231204,09:30:21,318.8,150,36550
20231204,09:30:26,320.0,100,36550
20231204,09:30:44,321.25,50,36550
20231204,09:30:51,321.25,50,36550
20231204,09:30:56,321.25,50,36550
20231204,09:31:25,322.6,400,36550
20231204,09:31:32,323.0,100,36550
20231204,09:31:38,323.1,100,36550
20231204,09:31:58,324.45,50,36550
20231204,09:32:06,325.35,200,36550
20231204,09:32:15,326.0,750,36550
20231204,09:32:23,326.0,700,38050
20231204,09:32:32,325.4,50,38050
20231204,09:32:40,325.85,100,38050
20231204,09:32:50,327.4,50,38050
20231204,09:32:53,328.95,50,38050
20231204,09:32:57,328.95,750,38050
20231204,09:33:01,327.35,100,38050
20231204,09:33:02,325.95,100,38050
20231204,09:33:17,325.9,50,38050
20231204,09:33:51,322.9,300,38050
20231204,09:34:02,323.45,300,38050
20231204,09:34:03,323.45,200,38050
20231204,09:34:07,323.5,50,38050
20231204,09:34:08,324.0,50,38050
20231204,09:34:11,323.7,100,38050
20231204,09:34:40,325.45,150,38050
20231204,09:34:43,325.45,50,38050
20231204,09:35:05,324.0,350,38050
20231204,09:35:07,323.45,50,38050
20231204,09:35:29,324.55,200,39000
20231204,09:35:30,324.6,300,39000
20231204,09:35:32,324.55,50,39000
20231204,09:35:33,324.7,50,39000
20231204,09:35:34,324.85,50,39000
20231204,09:35:36,324.55,50,39000
20231204,09:35:37,324.55,50,39000
20231204,09:35:41,325.0,50,39000
20231204,09:35:49,324.65,50,39000
20231204,09:35:50,324.65,100,39000
20231204,09:35:51,324.7,50,39000
20231204,09:35:52,323.35,200,39000
20231204,09:35:53,322.9,200,39000
20231204,09:35:56,323.75,100,39000
20231204,09:35:59,323.3,100,39000
20231204,09:36:06,324.0,100,39000
20231204,09:36:19,325.4,150,39000
20231204,09:36:20,325.4,250,39000
20231204,09:36:21,324.95,200,39000
20231204,09:36:23,323.3,50,39000
20231204,09:36:45,321.7,200,39000
20231204,09:37:08,323.0,50,39000
20231204,09:37:22,321.75,300,39000
20231204,09:37:47,322.0,50,39000
20231204,09:38:03,322.95,50,39000
20231204,09:38:05,323.45,50,39000
20231204,09:38:39,322.75,50,40000
20231204,09:38:42,324.15,50,40000
20231204,09:38:57,322.2,50,40000
20231204,09:39:08,322.4,50,40000
20231204,09:39:10,322.4,50,40000
20231204,09:39:20,322.05,100,40000
20231204,09:39:21,322.0,100,40000
20231204,09:39:27,322.25,50,40000
20231204,09:39:28,322.25,100,40000
20231204,09:39:32,322.5,100,40000
20231204,09:40:03,322.1,50,40000
20231204,09:40:11,322.0,50,40000
20231204,09:40:25,322.0,50,40000
20231204,09:40:54,320.0,550,40000
20231204,09:41:02,321.0,250,40000
20231204,09:41:25,317.85,150,40000
20231204,09:41:33,317.85,100,41000
20231204,09:41:58,318.0,350,41000
20231204,09:42:14,316.5,50,41000
20231204,09:42:16,316.75,50,41000
20231204,09:43:14,318.85,100,41000
20231204,09:43:15,319.4,100,41000
20231204,09:43:19,319.55,300,41000
20231204,09:43:29,319.25,100,41000
20231204,09:43:58,320.0,100,41000
20231204,09:44:04,320.35,50,41000
20231204,09:44:05,320.2,50,41000
20231204,09:44:20,320.1,50,41000
20231204,09:44:51,318.5,50,41850
20231204,09:45:00,317.8,50,41850
20231204,09:45:02,317.4,50,41850
20231204,09:45:29,315.9,50,41850
20231204,09:45:57,315.5,1800,41850
20231204,09:46:39,314.15,50,41850
20231204,09:47:05,314.05,200,41850
20231204,09:47:55,315.5,100,41150
20231204,09:48:11,315.4,350,41150
20231204,09:48:28,315.65,50,41150
20231204,09:49:01,315.35,100,41150
20231204,09:49:09,315.35,50,41150
20231204,09:49:26,314.5,50,41150
20231204,09:49:34,313.55,50,41150
20231204,09:49:51,313.55,250,41150
20231204,09:49:59,313.25,50,41150
20231204,09:50:16,315.0,50,41150
20231204,09:50:42,313.95,50,41400
20231204,09:50:50,313.9,50,41400
20231204,09:51:08,311.95,50,41400
20231204,09:51:33,310.3,250,41400
20231204,09:53:03,311.55,450,41400
20231204,09:53:20,310.25,50,41400
20231204,09:54:09,310.2,200,41450
20231204,09:54:26,310.2,450,41450
20231204,09:55:25,309.35,50,41450
20231204,09:56:34,307.4,50,40800
20231204,09:56:42,308.25,100,40800
20231204,09:57:40,308.05,50,40800
20231204,09:57:48,306.85,50,40800
20231204,09:58:05,307.45,100,40800
20231204,09:58:38,307.05,50,40800
20231204,09:58:47,306.4,50,40800
20231204,09:59:29,308.25,50,40650
20231204,09:59:54,307.5,200,40650
20231204,10:00:52,309.0,200,40650
20231204,10:01:41,310.0,100,40650
20231204,10:02:50,310.0,350,40750
20231204,10:03:32,308.5,50,40750
20231204,10:03:40,305.85,50,40750
20231204,10:05:21,309.0,50,40750
20231204,10:06:12,300.1,200,40400
20231204,10:06:47,302.55,50,40400
20231204,10:07:05,303.95,100,40400
20231204,10:08:13,307.45,50,40400
20231204,10:09:27,309.0,100,40350
20231204,10:10:07,309.85,50,40350
20231204,10:11:29,307.55,50,40350
20231204,10:11:44,306.85,50,40450
20231204,10:11:59,306.3,50,40450
20231204,10:12:07,307.1,150,40450
20231204,10:12:46,308.05,50,40450
20231204,10:13:25,307.6,100,40450
20231204,10:13:49,307.5,50,40450
20231204,10:14:29,306.2,50,40450
20231204,10:14:46,305.1,50,40200
20231204,10:15:26,306.95,100,40200
20231204,10:15:34,306.2,50,40200
20231204,10:16:53,304.7,50,40200
20231204,10:18:12,304.45,250,40150
20231204,10:18:36,304.05,50,40150
20231204,10:18:44,304.7,50,40150
20231204,10:19:00,305.5,700,40150
20231204,10:20:49,304.0,50,39750
20231204,10:21:12,303.55,50,39750
20231204,10:21:20,302.7,200,39750
20231204,10:22:16,302.0,350,39750
20231204,10:22:24,302.45,50,39750
20231204,10:23:05,306.0,150,39750
20231204,10:23:45,306.0,50,40150
20231204,10:23:53,306.0,950,40150
20231204,10:24:01,306.0,150,40150
20231204,10:24:17,307.15,150,40150
20231204,10:24:25,307.05,50,40150
20231204,10:24:33,307.0,150,40150
20231204,10:25:21,307.95,50,40150
20231204,10:26:42,310.1,50,40400
20231204,10:27:13,310.1,100,40400
20231204,10:27:36,314.1,300,40400
20231204,10:28:49,311.95,50,40400
20231204,10:29:37,313.65,50,40000
20231204,10:30:10,311.95,50,40000
20231204,10:31:15,309.15,50,40000
20231204,10:31:31,309.3,100,40000
20231204,10:34:24,309.0,200,40200
20231204,10:35:03,306.5,50,40200
20231204,10:35:27,306.8,100,40200
20231204,10:35:35,308.15,100,40200
20231204,10:36:28,306.25,50,40200
20231204,10:36:44,306.8,1500,40200
20231204,10:39:26,305.0,100,41600
20231204,10:40:20,305.0,50,41600
20231204,10:40:28,305.0,850,41600
20231204,10:41:08,305.55,100,41600
20231204,10:41:17,306.75,200,41600
20231204,10:41:58,309.7,50,42250
20231204,10:42:53,312.0,1200,42250
20231204,10:43:35,315.0,150,42250
20231204,10:43:43,314.2,150,42250
20231204,10:44:40,313.95,250,42450
20231204,10:45:03,314.55,50,42450
20231204,10:45:10,314.3,50,42450
20231204,10:48:14,316.25,100,42400
20231204,10:48:45,316.25,100,42400
20231204,10:48:54,314.6,150,42400
20231204,10:49:10,315.0,50,42400
20231204,10:49:19,314.1,100,42400
20231204,10:49:51,313.3,100,42400
20231204,10:50:07,314.0,250,42400
20231204,10:50:53,316.0,200,42450
20231204,10:51:31,316.0,50,42450
20231204,10:52:31,316.0,50,42450
20231204,10:53:42,318.0,200,42450
20231204,10:53:59,318.0,100,42450
20231204,10:54:07,318.0,50,42450
20231204,10:54:15,320.1,250,42450
20231204,10:54:23,319.6,100,42450
20231204,10:54:39,320.65,50,42450
20231204,10:55:19,320.65,100,42450
20231204,10:56:11,321.2,100,42450
20231204,10:56:34,320.0,250,42450
20231204,10:57:31,319.6,50,42800
20231204,10:59:42,318.95,600,42750
20231204,11:00:04,320.8,200,42750
20231204,11:00:12,321.0,100,42750
20231204,11:03:54,320.6,50,43450
20231204,11:04:17,320.05,50,43450
20231204,11:04:40,320.6,50,43450
20231204,11:04:48,320.6,500,43450
20231204,11:04:56,320.6,500,43450
20231204,11:05:19,319.6,200,43450
20231204,11:05:51,319.95,50,44450
20231204,11:06:13,321.2,50,44450
20231204,11:07:06,321.2,1000,44450
20231204,11:07:59,321.7,150,44450
20231204,11:08:06,320.45,50,44450
20231204,11:10:00,321.7,350,44850
20231204,11:10:37,321.25,1000,44850
20231204,11:11:08,323.25,50,44850
20231204,11:11:32,324.35,200,44850
20231204,11:11:42,326.05,450,45050
20231204,11:12:15,326.05,1500,45050
20231204,11:12:32,326.05,1500,45050
20231204,11:13:04,325.95,50,45050
20231204,11:14:59,329.35,150,47150
20231204,11:15:58,330.45,50,47150
20231204,11:16:32,332.0,50,47150
20231204,11:17:06,332.4,50,47150
20231204,11:19:09,332.4,50,47150
20231204,11:19:26,332.0,50,47150
20231204,11:20:50,330.0,100,47200
20231204,11:22:20,329.0,50,47200
20231204,11:22:28,328.25,50,47200
20231204,11:23:33,329.15,50,47200
20231204,11:24:12,331.55,50,47250
20231204,11:24:27,331.1,100,47250
20231204,11:24:35,331.05,150,47250
20231204,11:25:30,333.15,50,47250
20231204,11:26:32,333.9,150,47250
20231204,11:27:48,333.9,350,46750
20231204,11:29:16,331.8,50,46750
20231204,11:30:02,333.0,50,46450
20231204,11:30:25,331.8,100,46450
20231204,11:30:56,331.8,50,46450
20231204,11:31:10,331.9,150,46450
20231204,11:31:40,332.0,50,46450
20231204,11:32:03,331.8,100,46450
20231204,11:33:02,331.25,100,46450
20231204,11:34:30,331.25,50,46450
20231204,11:35:20,330.85,50,46450
20231204,11:36:03,331.6,100,46450
20231204,11:37:47,330.8,150,46450
20231204,11:38:44,330.8,50,46650
20231204,11:41:16,330.8,100,46650
20231204,11:41:52,331.0,50,46650
20231204,11:42:36,331.0,50,46750
20231204,11:42:44,331.0,50,46750
20231204,11:43:21,330.8,100,46750
20231204,11:44:26,332.0,100,46750
20231204,11:46:01,332.05,50,46800
20231204,11:47:40,333.75,50,46800
20231204,11:48:03,332.5,50,46850
20231204,11:48:42,332.0,150,46850
20231204,11:48:49,332.0,400,46850
20231204,11:48:57,332.0,450,46850
20231204,11:49:34,332.0,200,46850
20231204,11:50:27,330.55,400,46850
20231204,11:59:19,332.45,50,47350
20231204,12:00:10,333.0,150,47300
20231204,12:03:43,331.7,250,47450
20231204,12:03:59,331.9,100,47450
20231204,12:04:07,332.4,150,47450
20231204,12:04:44,332.75,400,47450
20231204,12:05:06,333.0,400,47450
20231204,12:06:11,333.0,300,48400
20231204,12:06:26,333.0,100,48400
20231204,12:07:36,333.0,50,48400
20231204,12:07:44,331.85,450,48400
20231204,12:07:53,331.85,50,48400
20231204,12:09:20,331.85,100,48500
20231204,12:09:59,331.85,150,48500
20231204,12:11:31,332.8,300,48500
20231204,12:12:02,334.4,100,48850
20231204,12:12:46,336.7,150,48850
20231204,12:12:54,336.7,1150,48850
20231204,12:13:03,335.0,50,48850
20231204,12:14:38,335.45,200,48850
20231204,12:15:57,336.05,50,49350
20231204,12:16:15,336.0,50,49350
20231204,12:17:24,337.0,50,49350
20231204,12:17:57,337.0,50,49500
20231204,12:18:32,336.0,50,49500
20231204,12:18:49,335.45,50,49500
20231204,12:20:44,334.1,50,49500
20231204,12:21:01,330.6,150,49500
20231204,12:21:28,331.65,700,49500
20231204,12:21:45,332.5,350,49500
20231204,12:25:22,331.95,50,50100
20231204,12:25:38,331.75,50,50100
20231204,12:28:28,329.9,50,50150
20231204,12:30:53,334.35,50,50150
20231204,12:33:36,334.2,250,50150
20231204,12:35:22,334.0,50,50150
20231204,12:35:30,334.0,250,50150
20231204,12:36:37,334.5,200,50450
20231204,12:36:45,334.5,350,50450
20231204,12:36:53,334.55,100,50450
20231204,12:37:10,333.0,100,50450
20231204,12:37:27,333.85,150,50450
20231204,12:37:35,333.1,50,50450
20231204,12:37:43,333.2,100,50450
20231204,12:37:51,333.2,50,50450
20231204,12:40:01,334.0,50,50800
20231204,12:40:24,334.0,50,50800
20231204,12:41:47,334.6,50,50800
20231204,12:42:01,334.5,100,50850
20231204,12:42:58,335.15,450,50850
20231204,12:43:07,335.35,100,50850
20231204,12:43:51,336.85,200,50850
20231204,12:45:20,335.9,200,51550
20231204,12:46:17,335.25,450,51550
20231204,12:47:24,333.75,50,51550
20231204,12:47:50,333.7,200,51950
20231204,12:50:15,335.25,50,51950
20231204,12:51:39,336.65,50,51750
20231204,12:53:04,338.2,150,51750
20231204,12:55:07,335.15,200,51700
20231204,12:56:09,334.95,50,51700
20231204,12:56:17,333.9,150,51700
20231204,12:56:55,336.05,300,51750
20231204,12:57:35,336.65,50,51750
20231204,12:57:44,337.75,200,51750
20231204,12:59:00,337.75,200,51750
20231204,13:00:20,340.0,100,51750
20231204,13:00:39,340.5,50,51750
20231204,13:00:57,340.5,200,51750
20231204,13:01:06,340.5,50,51750
20231204,13:01:42,339.5,100,51750
20231204,13:02:58,340.15,50,51700
20231204,13:05:30,339.75,50,51700
20231204,13:07:41,339.5,200,51650
20231204,13:08:04,338.1,150,51650
20231204,13:11:31,338.1,300,51700
20231204,13:11:56,339.3,50,51700
20231204,13:12:12,338.1,250,52000
20231204,13:12:45,339.3,100,52000
20231204,13:13:17,338.65,50,52000
20231204,13:14:52,339.0,100,52000
20231204,13:16:36,345.0,50,52100
20231204,13:16:46,345.0,100,52100
20231204,13:17:12,347.05,100,52100
20231204,13:17:30,349.75,50,52100
20231204,13:17:39,349.75,100,52100
20231204,13:17:56,352.5,600,52100
20231204,13:18:24,353.65,50,52500
20231204,13:18:43,355.5,150,52500
20231204,13:18:46,355.5,50,52500
20231204,13:18:51,355.4,50,52500
20231204,13:19:00,354.35,50,52500
20231204,13:19:07,356.1,100,52500
20231204,13:19:08,356.1,50,52500
20231204,13:19:11,354.9,150,52500
20231204,13:19:31,354.5,150,52500
20231204,13:19:35,354.6,150,52500
20231204,13:19:42,354.6,50,52500
20231204,13:19:50,357.0,150,52500
20231204,13:19:53,357.0,100,52500
20231204,13:19:54,357.0,150,52500
20231204,13:19:55,357.0,200,52500
20231204,13:19:58,357.6,50,52500
20231204,13:19:59,357.75,200,52500
20231204,13:20:02,357.75,100,52500
20231204,13:20:12,358.25,50,52500
20231204,13:20:23,360.55,50,52500
20231204,13:20:32,362.15,800,52500
20231204,13:20:43,365.0,200,52500
20231204,13:20:56,365.0,150,52500
20231204,13:21:14,365.0,100,52500
20231204,13:21:50,365.0,100,52500
20231204,13:21:59,366.2,300,52500
20231204,13:22:35,366.2,150,52500
20231204,13:22:44,365.0,300,52500
20231204,13:22:52,365.0,550,52500
20231204,13:23:01,363.25,50,52500
20231204,13:23:10,363.3,150,52500
20231204,13:23:45,364.0,50,52500
20231204,13:24:02,363.3,100,52600
20231204,13:24:36,362.35,50,52600
20231204,13:26:18,358.35,50,52600
20231204,13:26:45,362.6,50,52600
20231204,13:26:53,363.85,50,52600
20231204,13:27:28,364.05,150,52750
20231204,13:27:46,363.6,900,52750
20231204,13:28:45,362.25,100,52750
20231204,13:29:42,361.0,100,52750
20231204,13:30:39,362.5,100,53550
20231204,13:31:44,362.5,50,53550
20231204,13:31:51,363.35,50,53550
20231204,13:32:24,362.35,150,53550
20231204,13:32:32,361.05,50,53550
20231204,13:32:41,361.8,300,53550
20231204,13:33:14,365.0,1000,53400
20231204,13:33:59,366.2,200,53400
20231204,13:34:50,366.1,100,53400
20231204,13:38:21,363.05,50,52950
20231204,13:39:18,363.8,250,52900
20231204,13:40:23,363.6,1500,52900
20231204,13:40:39,363.2,500,52900
20231204,13:40:56,362.45,100,52900
20231204,13:41:05,363.0,550,52900
20231204,13:42:31,366.0,150,53650
20231204,13:42:50,369.0,250,53650
20231204,13:42:59,370.0,150,53650
20231204,13:43:08,370.0,150,53650
20231204,13:43:36,371.0,100,53650
20231204,13:43:54,371.0,500,53650
20231204,13:44:12,371.95,650,53650
20231204,13:44:30,369.1,100,53650
20231204,13:44:47,370.0,200,53650
20231204,13:44:56,370.0,50,53650
20231204,13:45:29,370.85,50,53250
20231204,13:45:55,369.0,50,53250
20231204,13:46:55,364.0,50,53250
20231204,13:47:13,364.0,150,53250
20231204,13:47:39,364.0,50,53250
20231204,13:48:52,360.0,50,53400
20231204,13:49:00,358.0,50,53400
20231204,13:49:10,356.9,50,53400
20231204,13:50:03,356.25,100,53400
20231204,13:51:05,360.8,50,53400
20231204,13:53:28,363.9,50,53400
20231204,13:54:11,362.05,50,53350
20231204,13:54:45,362.05,100,53350
20231204,13:55:10,363.0,50,53350
20231204,13:57:37,365.2,50,53450
20231204,13:58:46,366.55,500,53450
20231204,13:59:46,366.6,500,53450
20231204,14:00:11,367.65,550,53500
20231204,14:00:20,369.0,100,53500
20231204,14:01:05,368.0,200,53500
20231204,14:01:32,370.5,200,53500
20231204,14:02:26,372.4,50,53500
20231204,14:02:45,374.95,50,53500
20231204,14:02:54,374.95,300,53500
20231204,14:03:12,376.0,350,53550
20231204,14:03:31,378.0,200,53550
20231204,14:03:50,378.0,50,53550
20231204,14:04:18,379.0,1400,53550
20231204,14:04:46,379.4,1100,53550
20231204,14:05:04,377.55,1000,53550
20231204,14:05:13,376.95,1050,53550
20231204,14:05:31,380.25,50,53550
20231204,14:05:40,380.25,100,53550
20231204,14:05:49,376.55,900,53550
20231204,14:06:15,380.2,50,57700
20231204,14:06:24,378.8,50,57700
20231204,14:06:34,381.6,350,57700
20231204,14:06:43,380.0,250,57700
20231204,14:06:52,380.4,1050,57700
20231204,14:07:09,379.45,1000,57700
20231204,14:07:18,379.6,500,57700
20231204,14:07:43,379.3,550,57700
20231204,14:08:53,384.75,50,57700
20231204,14:11:07,389.0,250,57700
20231204,14:11:16,390.0,150,59600
20231204,14:11:25,388.35,50,59600
20231204,14:11:59,389.65,200,59600
20231204,14:12:24,389.65,50,59150
20231204,14:12:32,388.25,200,59150
20231204,14:14:03,388.25,50,59150
20231204,14:14:20,388.0,500,59150
20231204,14:14:37,388.45,100,59150
20231204,14:14:45,389.0,100,59150
20231204,14:15:02,390.0,200,59150
20231204,14:15:11,390.5,200,58850
20231204,14:15:20,390.0,300,58850
20231204,14:15:29,390.05,50,58850
20231204,14:16:38,391.25,50,58850
20231204,14:16:47,393.0,250,58850
20231204,14:17:06,393.6,50,58850
20231204,14:17:52,397.95,50,58850
20231204,14:18:01,398.1,100,58850
20231204,14:18:19,398.1,50,58850
20231204,14:18:29,395.4,50,58850
20231204,14:18:38,395.4,100,58850
20231204,14:18:47,393.7,100,58850
20231204,14:18:55,393.7,50,58850
20231204,14:19:13,393.75,50,58850
20231204,14:19:40,395.0,300,58850
20231204,14:20:43,395.4,50,58850
20231204,14:20:52,395.0,50,58850
20231204,14:21:09,392.4,150,58800
20231204,14:21:19,392.4,450,58800
20231204,14:21:28,392.0,150,58800
20231204,14:21:37,391.55,50,58800
20231204,14:22:39,390.0,50,58800
20231204,14:22:48,390.0,50,58800
20231204,14:23:05,389.0,50,58800
20231204,14:23:49,390.0,1450,58800
20231204,14:27:24,393.0,50,58850
20231204,14:27:51,392.55,250,58850
20231204,14:28:26,392.0,100,58850
20231204,14:28:43,392.4,200,58850
20231204,14:29:01,392.95,200,58850
20231204,14:29:11,393.95,200,58850
20231204,14:29:29,396.25,100,58850
20231204,14:29:48,396.0,200,58850
20231204,14:29:57,398.15,250,58850
20231204,14:30:34,401.3,50,59000
20231204,14:31:04,403.9,200,59000
20231204,14:31:13,403.9,150,59000
20231204,14:31:32,402.0,50,59000
20231204,14:31:41,400.15,50,59000
20231204,14:31:59,399.85,50,59000
20231204,14:32:34,399.85,50,59000
20231204,14:32:53,400.05,50,59000
20231204,14:33:03,401.15,550,59000
20231204,14:33:12,400.9,100,59000
20231204,14:33:21,401.0,50,58400
20231204,14:33:30,401.45,50,58400
20231204,14:33:39,401.1,50,58400
20231204,14:33:49,401.15,50,58400
20231204,14:33:58,401.25,50,58400
20231204,14:34:16,401.7,50,58400
20231204,14:34:53,402.45,50,58400
20231204,14:35:03,402.1,50,58400
20231204,14:35:12,402.45,150,58400
20231204,14:35:21,402.5,100,58400
20231204,14:35:30,402.35,50,58400
20231204,14:35:39,402.5,100,58400
20231204,14:35:57,402.7,50,58400
20231204,14:36:06,403.3,50,58400
20231204,14:36:51,403.5,500,58550
20231204,14:38:02,405.0,50,58550
20231204,14:38:11,405.0,100,58550
20231204,14:39:01,405.1,500,58550
20231204,14:40:27,405.1,50,58100
20231204,14:42:13,407.15,100,58050
20231204,14:42:30,407.15,100,58050
20231204,14:44:09,413.15,1100,58050
20231204,14:44:19,413.15,50,58050
20231204,14:44:46,413.2,100,58050
20231204,14:45:15,414.0,100,58050
20231204,14:45:25,414.35,150,58050
20231204,14:45:34,414.9,200,58050
20231204,14:46:02,414.9,50,58050
20231204,14:46:11,413.35,50,58050
20231204,14:46:37,411.95,250,58050
20231204,14:46:46,411.9,50,58050
20231204,14:47:38,406.5,100,58050
20231204,14:48:13,408.05,100,58050
20231204,14:48:31,409.1,150,58500
20231204,14:48:40,409.2,200,58500
20231204,14:49:07,408.2,50,58500
20231204,14:49:16,409.2,100,58500
20231204,14:49:25,409.1,300,58500
20231204,14:50:01,411.25,50,58500
20231204,14:50:20,408.55,250,58500
20231204,14:50:38,409.85,150,58500
20231204,14:51:53,410.5,50,58350
20231204,14:52:39,410.5,600,58350
20231204,14:53:07,410.55,450,58350
20231204,14:53:16,410.4,1100,58350
20231204,14:53:26,410.5,800,58350
20231204,14:53:35,410.0,50,58350
20231204,14:53:44,410.2,150,58350
20231204,14:54:02,410.75,600,58350
20231204,14:54:21,411.7,100,59000
20231204,14:54:31,411.15,100,59000
20231204,14:54:40,411.4,1900,59000
20231204,14:55:28,411.0,200,59000
20231204,14:56:35,412.15,200,59000
20231204,14:56:44,411.85,250,59000
20231204,14:56:54,412.15,200,59000
20231204,14:57:03,412.0,300,59000
20231204,14:57:31,412.45,150,59850
20231204,14:57:40,411.8,50,59850
20231204,14:57:50,412.8,250,59850
20231204,14:57:59,413.05,200,59850
20231204,14:58:38,412.0,250,59850
20231204,14:58:56,411.55,150,59850
20231204,14:59:06,412.65,100,59850
20231204,14:59:25,412.0,150,59850
20231204,14:59:35,411.95,200,59850
20231204,14:59:45,413.05,400,59850
20231204,15:00:05,414.35,50,59850
20231204,15:00:25,417.0,50,59450
20231204,15:01:16,418.05,200,59450
20231204,15:01:26,418.1,100,59450
20231204,15:02:06,420.0,50,59450
20231204,15:02:57,420.0,50,59450
20231204,15:03:07,414.0,50,59450
20231204,15:03:35,412.85,100,59650
20231204,15:03:45,411.1,50,59650
20231204,15:03:55,407.85,150,59650
20231204,15:04:45,401.35,550,59650
20231204,15:04:58,405.0,50,59650
20231204,15:05:02,402.4,100,59650
20231204,15:05:07,403.95,250,59650
20231204,15:05:17,406.0,50,59650
20231204,15:05:23,405.7,50,59650
20231204,15:05:37,406.5,50,59650
20231204,15:05:41,404.95,50,59650
20231204,15:05:56,407.2,100,59650
20231204,15:05:58,407.0,100,59650
20231204,15:06:02,410.0,50,59650
20231204,15:06:39,409.25,50,60350
20231204,15:06:40,408.2,50,60350
20231204,15:06:42,409.75,150,60350
20231204,15:06:52,407.2,100,60350
20231204,15:07:10,406.2,50,60350
20231204,15:07:17,407.0,50,60350
20231204,15:07:29,406.75,50,60350
20231204,15:07:32,406.8,50,60350
20231204,15:07:56,405.0,50,60350
20231204,15:08:06,403.65,50,60350
20231204,15:08:16,400.0,50,60350
20231204,15:08:35,400.0,50,60350
20231204,15:08:45,401.0,150,60350
20231204,15:08:55,400.0,50,60350
20231204,15:08:56,401.0,50,60350
20231204,15:09:35,399.55,100,60850
20231204,15:09:36,399.05,50,60850
20231204,15:10:38,400.0,50,60850
20231204,15:11:06,397.35,150,60850
20231204,15:11:34,396.95,50,60850
20231204,15:11:53,397.75,350,60850
20231204,15:12:12,399.2,50,60850
20231204,15:12:51,400.0,100,61350
20231204,15:13:11,402.0,100,61350
20231204,15:13:31,401.5,500,61350
20231204,15:13:50,403.15,150,61350
20231204,15:14:00,401.5,50,61350
20231204,15:14:19,399.6,900,61350
20231204,15:14:48,400.4,50,61350
20231204,15:15:08,399.0,50,61350
20231204,15:15:47,404.95,50,62150
20231204,15:15:57,404.15,100,62150
20231204,15:16:07,403.2,50,62150
20231204,15:16:17,403.55,50,62150
20231204,15:16:26,404.95,50,62150
20231204,15:16:36,404.9,50,62150
20231204,15:16:46,406.4,1800,62150
20231204,15:17:43,403.8,100,62150
20231204,15:18:02,403.6,100,62150
20231204,15:18:12,402.3,150,62150
20231204,15:18:21,404.15,50,62450
20231204,15:18:31,403.8,200,62450
20231204,15:18:41,405.0,50,62450
20231204,15:18:50,404.1,50,62450
20231204,15:18:59,404.55,50,62450
20231204,15:19:19,403.85,150,62450
20231204,15:19:57,402.9,200,62450
20231204,15:20:06,403.05,200,62450
20231204,15:21:03,403.5,100,62450
20231204,15:21:13,404.0,50,62450
20231204,15:22:01,404.2,50,62800
20231204,15:22:11,404.5,50,62800
20231204,15:22:30,404.45,150,62800
20231204,15:22:40,404.65,100,62800
20231204,15:24:14,403.45,250,63000
20231204,15:24:24,403.75,250,63000
20231204,15:24:52,404.6,50,63000
20231204,15:25:02,404.35,350,63000
20231204,15:25:21,404.65,200,63000
20231204,15:25:31,404.0,300,63000
20231204,15:25:41,405.95,100,63000
20231204,15:25:50,405.25,100,63000
20231204,15:26:00,405.3,250,63000
20231204,15:26:20,405.35,50,63000
20231204,15:26:30,407.65,250,63000
20231204,15:26:39,407.95,100,63000
20231204,15:26:49,407.75,100,63000
20231204,15:27:09,408.55,250,63000
20231204,15:27:18,410.7,150,63700
20231204,15:27:28,410.85,2300,63700
20231204,15:27:38,410.0,50,63700
20231204,15:27:47,410.95,100,63700
20231204,15:27:56,409.7,100,63700
20231204,15:28:06,409.9,150,63700
20231204,15:28:16,409.9,50,63700
20231204,15:28:35,411.0,150,63700
20231204,15:28:55,411.0,250,63700
20231204,15:29:14,410.0,50,63700
20231204,15:29:24,412.0,100,63700
20231204,15:29:33,410.0,100,63700
20231204,15:29:52,408.25,100,63700
20231204,15:30:01,408.25,50,63700
20231205,09:16:22,422.85,1,63000
20231205,09:16:22,430.5,550,63000
20231205,09:16:41,429.5,400,63000
20231205,09:17:09,431.9,150,63000
20231205,09:17:19,433.95,400,63000
20231205,09:17:38,430.95,450,63650
20231205,09:17:48,429.6,400,63650
20231205,09:17:57,429.0,100,63650
20231205,09:18:06,428.6,250,63650
20231205,09:18:29,428.4,100,63650
20231205,09:18:52,426.75,50,63650
20231205,09:18:54,426.55,250,63650
20231205,09:18:55,425.8,200,63650
20231205,09:19:22,425.0,100,63650
20231205,09:19:23,425.8,50,63650
20231205,09:19:30,426.0,50,63650
20231205,09:20:20,425.0,300,63650
20231205,09:20:26,425.95,800,63650
20231205,09:20:48,420.15,100,63650
20231205,09:21:16,416.05,100,64550
20231205,09:21:36,416.05,150,64550
20231205,09:21:40,414.55,100,64550
20231205,09:21:52,414.55,50,64550
20231205,09:22:44,422.95,350,64550
20231205,09:22:54,422.9,500,64550
20231205,09:23:11,424.35,50,64550
20231205,09:23:15,422.95,100,64550
20231205,09:23:29,425.1,50,66000
20231205,09:23:51,426.6,100,66000
20231205,09:24:02,426.9,100,66000
20231205,09:24:13,428.45,150,66000
20231205,09:24:14,428.5,100,66000
20231205,09:24:15,428.5,50,66000
20231205,09:24:26,426.5,50,66000
20231205,09:24:44,426.8,50,66000
20231205,09:24:45,426.8,100,66000
20231205,09:24:51,426.45,200,66000
20231205,09:25:01,424.75,100,66000
20231205,09:25:11,424.6,50,66000
20231205,09:25:13,423.6,150,66000
20231205,09:25:19,425.55,150,66000
20231205,09:25:20,425.6,50,66000
20231205,09:25:21,425.1,50,66000
20231205,09:25:28,424.85,50,66000
20231205,09:26:03,428.1,100,66000
20231205,09:26:10,430.0,50,66000
20231205,09:26:23,429.55,50,66000
20231205,09:26:34,430.0,100,66850
20231205,09:26:44,430.25,50,66850
20231205,09:26:56,433.55,800,66850
20231205,09:27:07,430.8,50,66850
20231205,09:27:26,432.65,200,66850
20231205,09:27:51,432.65,50,66850
20231205,09:28:01,433.95,50,66850
20231205,09:28:04,433.95,50,66850
20231205,09:28:06,434.55,250,66850
20231205,09:28:10,434.55,50,66850
20231205,09:28:22,435.55,300,66850
20231205,09:28:32,436.55,150,66850
20231205,09:28:53,438.7,1550,66850
20231205,09:29:11,439.7,100,66850
20231205,09:29:18,439.7,50,66850
20231205,09:29:19,437.9,100,66850
20231205,09:29:26,438.0,150,66850
20231205,09:29:28,439.4,100,67450
20231205,09:30:04,438.5,50,67450
20231205,09:30:50,441.0,400,67450
20231205,09:31:01,441.0,600,67450
20231205,09:31:11,441.0,250,67450
20231205,09:31:32,439.5,50,67450
20231205,09:32:00,437.55,50,67450
20231205,09:32:48,439.0,150,68150
20231205,09:33:10,441.15,150,68150
20231205,09:33:30,441.15,50,68150
20231205,09:33:31,441.15,50,68150
20231205,09:33:47,442.1,300,68150
20231205,09:33:55,442.1,100,68150
20231205,09:34:44,441.0,50,68150
20231205,09:34:47,441.3,50,68150
20231205,09:35:16,439.65,200,68150
20231205,09:35:49,439.0,50,68250
20231205,09:36:10,439.5,300,68250
20231205,09:36:32,441.75,1500,68250
20231205,09:37:04,439.9,50,68250
20231205,09:37:14,439.95,50,68250
20231205,09:37:25,439.9,150,68250
20231205,09:37:46,440.8,200,68250
20231205,09:38:18,441.6,50,68250
20231205,09:38:50,444.45,200,68250
20231205,09:39:22,446.5,50,68250
20231205,09:39:54,446.8,400,68250
20231205,09:40:05,446.8,50,68250
20231205,09:40:11,446.0,100,68250
20231205,09:41:28,447.75,50,68250
20231205,09:42:01,450.0,250,68000
20231205,09:42:05,450.0,50,68000
20231205,09:42:23,450.0,50,68000
20231205,09:43:04,450.0,300,68000
20231205,09:43:06,449.15,150,68000
20231205,09:43:27,449.15,100,68000
20231205,09:43:49,451.0,150,68000
20231205,09:44:12,453.05,50,68000
20231205,09:44:16,455.0,50,68000
20231205,09:44:27,458.45,150,68000
20231205,09:44:37,459.0,50,67800
20231205,09:45:12,463.0,50,67800
20231205,09:45:48,467.65,200,67800
20231205,09:46:01,469.25,50,67800
20231205,09:46:10,469.25,50,67800
20231205,09:46:14,469.0,50,67800
20231205,09:46:56,470.0,100,67800
20231205,09:47:05,470.0,50,67800
20231205,09:47:06,468.5,50,67800
20231205,09:47:31,471.9,850,67800
20231205,09:48:29,475.0,300,68000
20231205,09:48:31,475.0,200,68000
20231205,09:49:01,477.6,300,68000
20231205,09:49:12,477.6,50,68000
20231205,09:49:18,474.85,50,68000
20231205,09:49:19,475.5,100,68000
20231205,09:49:20,475.6,50,68000
20231205,09:49:35,474.7,50,68000
20231205,09:49:42,475.0,250,68000
20231205,09:49:48,474.2,50,68000
20231205,09:50:00,473.0,200,68000
20231205,09:50:12,471.55,100,68000
20231205,09:50:18,470.0,100,68000
20231205,09:50:22,469.55,200,68000
20231205,09:50:32,473.0,150,68450
20231205,09:52:02,477.0,50,68450
20231205,09:52:27,477.0,500,68450
20231205,09:52:48,478.0,50,68450
20231205,09:53:09,478.4,200,68450
20231205,09:53:11,477.0,100,68450
20231205,09:53:30,476.95,50,68450
20231205,09:53:38,475.85,600,68050
20231205,09:53:39,477.5,50,68050
20231205,09:53:51,476.8,100,68050
20231205,09:53:53,475.4,50,68050
20231205,09:53:59,475.9,50,68050
20231205,09:54:09,473.0,250,68050
20231205,09:54:23,475.5,350,68050
20231205,09:55:17,465.0,50,68050
20231205,09:55:18,464.25,100,68050
20231205,09:55:19,464.9,50,68050
20231205,09:55:41,462.65,50,68050
20231205,09:55:53,463.0,100,68050
20231205,09:56:04,464.1,1000,68050
20231205,09:56:07,465.25,100,68050
20231205,09:56:09,466.15,100,68050
20231205,09:56:10,464.65,150,68050
20231205,09:56:13,465.85,100,68050
20231205,09:56:16,465.6,50,68050
20231205,09:56:21,464.8,100,68050
20231205,09:56:22,465.4,50,68050
20231205,09:56:23,465.6,100,68050
20231205,09:56:24,464.35,50,68050
20231205,09:56:35,464.2,50,68750
20231205,09:56:43,463.45,50,68750
20231205,09:57:00,460.25,300,68750
20231205,09:57:01,460.25,100,68750
20231205,09:57:02,459.15,150,68750
20231205,09:57:04,458.1,50,68750
20231205,09:57:11,456.5,50,68750
20231205,09:58:12,457.8,50,68750
20231205,09:58:25,458.85,50,68750
20231205,09:59:25,458.85,50,68750
20231205,09:59:26,458.0,500,68750
20231205,09:59:45,457.0,500,69350
20231205,09:59:56,457.0,100,69350
20231205,09:59:57,457.0,200,69350
20231205,10:00:05,457.5,50,69350
20231205,10:00:07,457.5,100,69350
20231205,10:00:08,457.5,350,69350
20231205,10:00:45,456.6,100,69350
20231205,10:01:28,460.15,100,69350
20231205,10:01:39,463.25,100,69350
20231205,10:02:00,462.35,50,69350
20231205,10:02:10,463.4,50,69350
20231205,10:02:15,463.4,50,69350
20231205,10:02:30,463.8,50,69350
20231205,10:02:47,466.85,150,70350
20231205,10:02:49,466.85,50,70350
20231205,10:03:02,467.55,50,70350
20231205,10:03:03,467.45,50,70350
20231205,10:03:05,468.0,50,70350
20231205,10:03:06,467.9,50,70350
20231205,10:03:08,469.5,100,70350
20231205,10:03:09,468.7,50,70350
20231205,10:03:10,468.75,100,70350
20231205,10:03:11,468.8,250,70350
20231205,10:03:12,468.1,50,70350
20231205,10:03:46,466.25,500,70350
20231205,10:04:02,466.35,100,70350
20231205,10:04:10,466.6,50,70350
20231205,10:04:17,466.15,150,70350
20231205,10:04:27,466.05,100,70350
20231205,10:04:38,469.0,100,70350
20231205,10:05:41,469.95,200,71350
20231205,10:05:44,470.85,100,71350
20231205,10:05:51,471.0,400,71350
20231205,10:05:58,469.5,200,71350
20231205,10:05:59,469.95,50,71350
20231205,10:06:02,470.15,100,71350
20231205,10:06:04,469.7,50,71350
20231205,10:06:06,469.0,200,71350
20231205,10:06:16,470.0,50,71350
20231205,10:06:30,470.65,250,71350
20231205,10:06:41,470.65,150,71350
20231205,10:06:53,470.65,300,71350
20231205,10:07:00,470.65,50,71350
20231205,10:07:04,469.7,100,71350
20231205,10:07:08,469.0,50,71350
20231205,10:07:09,469.0,50,71350
20231205,10:07:10,469.0,700,71350
20231205,10:07:18,466.6,150,71350
20231205,10:07:29,468.75,1100,71350
20231205,10:07:39,468.05,50,71350
20231205,10:07:50,467.6,50,71350
20231205,10:08:30,467.55,50,71350
20231205,10:08:40,467.6,50,71350
20231205,10:09:00,470.0,50,72750
20231205,10:09:22,471.35,250,72750
20231205,10:09:32,473.0,100,72750
20231205,10:09:43,473.55,50,72750
20231205,10:09:53,473.2,100,72750
20231205,10:10:04,473.85,100,72750
20231205,10:10:14,473.2,100,72750
20231205,10:10:25,475.75,50,72750
20231205,10:10:36,475.75,100,72750
20231205,10:11:07,473.0,100,72750
20231205,10:11:17,471.3,50,72750
20231205,10:11:28,470.0,200,72750
20231205,10:12:16,475.0,200,73650
20231205,10:12:47,474.9,100,73650
20231205,10:12:53,472.05,100,73650
20231205,10:13:26,473.7,200,73650
20231205,10:13:47,473.7,100,73650
20231205,10:14:17,475.0,100,73650
20231205,10:14:28,476.3,200,73650
20231205,10:14:39,476.7,50,73400
20231205,10:15:00,476.8,2100,73400
20231205,10:15:10,475.3,50,73400
20231205,10:15:42,478.75,200,73400
20231205,10:15:53,477.75,100,73400
20231205,10:16:04,476.0,300,73400
20231205,10:16:27,475.8,50,73400
20231205,10:16:37,475.5,200,73400
20231205,10:16:48,477.1,250,73400
20231205,10:17:31,478.05,400,73400
20231205,10:18:03,478.15,500,75100
20231205,10:18:35,483.15,650,75100
20231205,10:18:47,483.15,600,75100
20231205,10:18:58,481.55,50,75100
20231205,10:19:35,485.35,50,75100
20231205,10:20:06,490.65,50,75100
20231205,10:20:07,491.6,50,75100
20231205,10:20:15,492.95,50,75100
20231205,10:20:31,495.25,50,75100
20231205,10:20:42,495.25,200,74700
20231205,10:20:46,494.05,200,74700
20231205,10:21:10,500.0,50,74700
20231205,10:21:11,501.0,200,74700
20231205,10:21:12,501.25,150,74700
20231205,10:21:18,503.9,50,74700
20231205,10:21:25,503.9,150,74700
20231205,10:21:26,501.35,150,74700
20231205,10:21:27,498.95,150,74700
20231205,10:21:32,499.6,50,74700
20231205,10:21:39,492.0,150,74700
20231205,10:21:41,489.9,300,74700
20231205,10:21:55,494.0,50,74700
20231205,10:21:59,492.45,50,74700
20231205,10:22:39,495.75,200,74700
20231205,10:22:49,495.95,200,74700
20231205,10:23:00,494.2,300,74700
20231205,10:23:21,494.2,50,74700
20231205,10:23:52,492.35,50,75450
20231205,10:24:53,492.95,1800,75450
20231205,10:25:04,493.0,50,75450
20231205,10:25:14,492.65,1000,75450
20231205,10:25:44,497.7,200,75450
20231205,10:26:15,497.05,500,75450
20231205,10:29:09,502.35,50,77750
20231205,10:29:20,502.0,150,77750
20231205,10:30:00,503.6,200,77800
20231205,10:30:10,502.0,150,77800
20231205,10:30:20,502.35,500,77800
20231205,10:30:41,497.0,50,77800
20231205,10:31:12,497.85,50,77800
20231205,10:31:33,497.0,50,77800
20231205,10:31:54,490.0,50,77800
20231205,10:32:05,490.7,200,77800
20231205,10:32:15,492.05,50,77800
20231205,10:32:26,490.6,100,77800
20231205,10:32:36,493.35,50,77800
20231205,10:32:47,494.05,450,78150
20231205,10:32:58,495.55,150,78150
20231205,10:33:09,493.85,50,78150
20231205,10:33:51,495.6,100,78150
20231205,10:34:22,493.05,100,78150
20231205,10:34:32,491.8,400,78150
20231205,10:35:45,492.05,600,77650
20231205,10:35:55,490.0,600,77650
20231205,10:37:11,485.55,600,77650
20231205,10:37:22,486.0,150,77650
20231205,10:37:32,481.05,300,77650
20231205,10:37:54,486.5,200,77650
20231205,10:38:04,484.75,50,77650
20231205,10:40:05,501.65,150,77750
20231205,10:41:12,501.0,150,77750
20231205,10:41:57,503.3,150,77800
20231205,10:42:40,503.0,50,77800
20231205,10:43:23,500.75,50,77800
20231205,10:43:55,496.0,100,77800
20231205,10:44:16,497.55,300,77800
20231205,10:44:37,496.85,50,77800
20231205,10:45:08,496.85,50,77600
20231205,10:46:01,496.85,100,77600
20231205,10:46:33,496.85,800,77600
20231205,10:47:37,498.0,100,77600
20231205,10:48:18,499.0,50,76850
20231205,10:48:29,498.6,100,76850
20231205,10:49:01,497.95,50,76850
20231205,10:51:37,496.8,50,77000
20231205,10:51:47,497.95,50,77000
20231205,10:52:51,498.4,300,77000
20231205,10:53:01,498.05,450,77000
20231205,10:53:12,496.0,50,77000
20231205,10:53:22,496.0,100,77000
20231205,10:54:35,497.5,100,77300
20231205,10:54:55,498.95,100,77300
20231205,10:56:18,499.0,50,77300
20231205,10:56:59,498.0,50,77550
20231205,10:57:28,497.05,100,77550
20231205,10:57:49,497.05,50,77550
20231205,10:58:19,497.05,200,77550
20231205,10:58:40,499.3,150,77550
20231205,10:59:32,500.25,50,77550
20231205,10:59:53,502.0,100,77200
20231205,11:00:46,503.0,150,77200
20231205,11:01:50,507.1,50,77200
20231205,11:02:32,507.1,50,77200
20231205,11:03:04,507.05,50,77300
20231205,11:05:19,502.0,50,77300
20231205,11:06:10,503.3,1000,77300
20231205,11:06:20,505.0,50,77300
20231205,11:06:42,503.55,50,77300
20231205,11:06:52,502.8,750,77300
20231205,11:07:33,503.25,250,77300
20231205,11:07:54,504.0,150,77300
20231205,11:08:15,504.0,50,77300
20231205,11:09:07,504.0,50,77700
20231205,11:09:18,502.0,350,77700
20231205,11:09:40,490.95,1100,77700
20231205,11:09:51,493.95,50,77700
20231205,11:10:12,492.75,150,77700
20231205,11:10:23,488.95,250,77700
20231205,11:10:34,485.2,100,77700
20231205,11:12:13,490.2,350,78450
20231205,11:12:24,489.3,800,78450
20231205,11:12:35,491.0,50,78450
20231205,11:12:45,493.95,500,78450
20231205,11:13:07,494.85,250,78450
20231205,11:13:17,494.9,350,78450
20231205,11:13:28,495.65,700,78450
20231205,11:14:00,498.4,450,78450
20231205,11:14:11,497.95,50,78450
20231205,11:14:21,495.35,600,78450
20231205,11:14:32,494.0,950,78450
20231205,11:14:43,494.0,1050,78450
20231205,11:14:53,494.45,550,79500
20231205,11:15:04,495.45,500,79500
20231205,11:15:45,493.6,150,79500
20231205,11:15:55,490.05,750,79500
20231205,11:16:16,489.4,1600,79500
20231205,11:16:26,490.85,1150,79500
20231205,11:16:58,486.05,250,79500
20231205,11:17:29,486.5,700,79500
20231205,11:17:40,482.95,50,79500
20231205,11:17:51,483.75,500,82300
20231205,11:18:23,485.0,500,82300
20231205,11:18:33,484.15,50,82300
20231205,11:18:55,478.4,250,82300
20231205,11:19:06,472.5,2050,82300
20231205,11:19:17,467.65,650,82300
20231205,11:19:28,465.3,750,82300
20231205,11:19:39,467.4,1300,82300
20231205,11:19:51,465.0,100,82300
20231205,11:20:02,461.0,650,82300
20231205,11:20:13,458.0,1250,82300
20231205,11:20:24,456.5,650,82300
20231205,11:20:35,462.8,150,82300
20231205,11:20:58,464.5,700,89100
20231205,11:21:08,464.5,500,89100
20231205,11:21:19,467.45,50,89100
20231205,11:21:30,470.0,700,89100
20231205,11:21:41,469.45,50,89100
20231205,11:21:51,469.0,550,89100
20231205,11:23:05,471.1,1000,89100
20231205,11:23:16,472.95,400,89100
20231205,11:23:26,469.55,100,89100
20231205,11:23:36,467.3,750,89100
20231205,11:23:47,467.5,700,93500
20231205,11:24:08,468.95,50,93500
20231205,11:24:29,469.3,250,93500
20231205,11:24:50,468.4,50,93500
20231205,11:25:00,469.35,1050,93500
20231205,11:25:11,471.5,500,93500
20231205,11:25:32,470.05,400,93500
20231205,11:26:03,467.25,50,93500
20231205,11:26:46,463.25,50,93500
20231205,11:26:56,465.95,50,95450
20231205,11:27:07,465.45,250,95450
20231205,11:27:18,466.9,150,95450
20231205,11:27:39,466.3,250,95450
20231205,11:27:59,467.05,250,95450
20231205,11:28:10,465.3,100,95450
20231205,11:30:25,466.3,50,95800
20231205,11:30:47,463.15,150,95800
20231205,11:31:08,464.45,250,95800
20231205,11:31:30,460.35,350,95800
20231205,11:32:14,460.35,50,95800
20231205,11:32:24,456.5,1150,95800
20231205,11:32:35,456.5,50,95800
20231205,11:32:45,453.5,450,95800
20231205,11:32:56,449.0,100,95350
20231205,11:33:19,449.0,50,95350
20231205,11:33:30,447.5,50,95350
20231205,11:33:41,445.9,150,95350
20231205,11:34:03,441.05,250,95350
20231205,11:34:14,445.25,600,95350
20231205,11:34:25,442.55,50,95350
20231205,11:35:30,442.0,100,95350
20231205,11:36:23,441.95,150,95100
20231205,11:36:34,442.3,200,95100
20231205,11:36:55,440.2,200,95100
20231205,11:37:06,439.05,300,95100
20231205,11:37:17,436.8,150,95100
20231205,11:37:28,438.25,100,95100
20231205,11:37:50,437.8,400,95100
20231205,11:38:25,440.0,150,95100
20231205,11:38:44,440.0,50,95100
20231205,11:39:01,440.7,100,95850
20231205,11:39:57,440.5,50,95850
20231205,11:40:17,440.05,50,95850
20231205,11:41:11,445.7,500,95850
20231205,11:41:32,446.05,100,95850
20231205,11:42:05,450.5,350,95950
20231205,11:42:15,448.0,100,95950
20231205,11:42:26,447.55,50,95950
20231205,11:42:47,445.9,50,95950
20231205,11:43:52,436.0,500,95950
20231205,11:44:13,436.8,200,95950
20231205,11:44:34,440.05,200,95950
20231205,11:46:27,437.4,150,95950
20231205,11:46:49,440.2,50,96200
20231205,11:46:54,438.6,50,96200
20231205,11:47:23,439.15,50,96200
20231205,11:48:44,437.15,100,96400
20231205,11:51:17,432.15,100,96400
20231205,11:52:00,430.0,100,96400
20231205,11:52:11,427.35,150,96400
20231205,11:53:13,425.5,300,96400
20231205,11:53:49,425.95,100,96400
20231205,11:55:35,425.95,100,96500
20231205,11:56:26,434.7,150,96500
20231205,11:57:00,439.0,50,96600
20231205,11:59:41,444.9,100,96600
20231205,11:59:56,447.0,50,96650
20231205,11:59:58,446.55,50,96650
20231205,11:59:59,446.55,50,96650
20231205,12:00:00,446.55,50,96650
20231205,12:00:01,446.55,50,96650
20231205,12:00:09,446.4,50,96650
20231205,12:00:26,445.05,50,96650
20231205,12:00:54,443.5,50,96650
20231205,12:00:56,443.5,100,96650
20231205,12:01:04,442.0,50,96650
20231205,12:01:05,442.0,50,96650
20231205,12:01:12,442.0,100,96650
20231205,12:02:04,451.5,50,96650
20231205,12:02:05,453.45,100,96650
20231205,12:02:27,455.4,150,96650
20231205,12:03:10,456.5,50,96850
20231205,12:03:36,460.0,100,96850
20231205,12:03:54,460.55,100,96850
20231205,12:04:08,458.55,50,96850
20231205,12:04:09,458.0,50,96850
20231205,12:04:28,455.55,50,96850
20231205,12:04:52,457.85,50,96850
20231205,12:05:07,455.5,50,96850
20231205,12:05:30,454.2,50,96850
20231205,12:06:35,452.0,50,96950
20231205,12:08:25,453.25,50,96950
20231205,12:08:50,453.25,100,96950
20231205,12:10:10,451.3,550,97050
20231205,12:10:20,453.0,50,97050
20231205,12:12:34,460.0,50,97100
20231205,12:12:41,461.05,50,97100
20231205,12:12:46,461.55,50,97100
20231205,12:14:28,462.55,50,97100
20231205,12:14:57,461.6,100,97000
20231205,12:15:00,461.0,200,97000
20231205,12:16:42,459.0,50,97000
20231205,12:16:52,460.45,150,97000
20231205,12:17:16,462.85,200,97000
20231205,12:18:06,467.25,150,96950
20231205,12:18:07,466.5,50,96950
20231205,12:18:19,467.0,50,96950
20231205,12:18:28,466.0,50,96950
20231205,12:19:06,464.0,50,96950
20231205,12:19:07,464.55,50,96950
20231205,12:19:38,463.0,50,96950
20231205,12:20:55,463.1,150,97050
20231205,12:21:15,461.5,50,97050
20231205,12:24:49,465.2,400,97050
20231205,12:25:18,465.2,50,97050
20231205,12:25:55,465.3,50,97050
20231205,12:26:05,465.0,250,97050
20231205,12:28:41,465.0,250,97250
20231205,12:28:41,465.0,100,97250
20231205,12:28:42,465.0,1750,97250
20231205,12:29:23,466.5,900,97250
20231205,12:29:32,466.5,900,97250
20231205,12:30:30,463.5,100,97850
20231205,12:35:47,463.6,50,97850
20231205,12:37:00,460.5,50,97900
20231205,12:37:44,460.0,50,97900
20231205,12:38:07,460.85,200,97900
20231205,12:38:32,458.05,50,97900
20231205,12:38:51,458.0,650,97900
20231205,12:39:00,458.0,400,97900
20231205,12:40:34,470.3,250,98150
20231205,12:47:49,465.8,50,98150
20231205,12:49:17,470.0,1000,98200
20231205,12:49:59,475.0,500,98200
20231205,12:50:20,475.0,50,98200
20231205,12:51:21,475.0,150,96650
20231205,12:51:42,475.1,50,96650
20231205,12:52:40,476.4,50,96650
20231205,12:52:59,476.4,50,96650
20231205,12:53:19,476.25,50,96650
20231205,12:55:33,476.75,200,96700
20231205,12:57:59,479.2,50,96900
20231205,12:59:05,479.75,50,96900
20231205,13:00:51,479.55,50,97000
20231205,13:01:50,478.95,50,97000
20231205,13:02:19,478.2,50,97000
20231205,13:02:58,479.3,50,97000
20231205,13:03:18,473.0,50,97050
20231205,13:04:37,476.75,50,97050
20231205,13:05:06,476.2,50,97050
20231205,13:06:56,476.55,50,97100
20231205,13:08:45,476.75,50,97100
20231205,13:10:10,473.2,50,97100
20231205,13:15:16,476.95,100,97050
20231205,13:18:13,475.0,50,97150
20231205,13:18:32,475.0,50,97150
20231205,13:19:18,472.65,50,97150
20231205,13:19:37,474.55,50,97150
20231205,13:20:06,476.95,50,97150
20231205,13:20:43,475.75,50,97150
20231205,13:21:43,472.6,50,97350
20231205,13:22:03,470.9,50,97350
20231205,13:24:55,473.25,50,97450
20231205,13:26:17,475.8,100,97450
20231205,13:28:24,473.55,50,97550
20231205,13:30:48,476.95,50,97500
20231205,13:30:58,477.95,100,97500
20231205,13:32:16,484.85,150,97500
20231205,13:33:09,486.8,50,97550
20231205,13:34:11,489.55,100,97550
20231205,13:34:25,491.2,150,97550
20231205,13:35:11,491.3,100,97550
20231205,13:36:35,493.9,100,97600
20231205,13:36:46,496.0,50,97600
20231205,13:38:16,493.8,50,97600
20231205,13:38:26,493.7,300,97600
20231205,13:39:06,495.0,50,97600
20231205,13:39:56,497.0,50,97700
20231205,13:40:06,497.5,50,97700
20231205,13:40:17,499.0,2100,97700
20231205,13:40:49,500.2,100,97700
20231205,13:41:00,499.75,150,97700
20231205,13:41:32,496.95,150,97700
20231205,13:41:53,496.95,50,97700
20231205,13:43:10,493.45,100,98400
20231205,13:45:55,490.7,100,98400
20231205,13:47:15,489.1,50,98400
20231205,13:47:56,487.5,50,98400
20231205,13:50:52,490.65,50,98400
20231205,13:52:11,485.95,100,98400
20231205,13:52:32,484.15,100,98400
20231205,13:52:42,485.05,50,98400
20231205,13:54:29,488.1,500,98450
20231205,13:57:16,486.95,450,98000
20231205,13:58:18,481.95,50,98000
20231205,13:59:20,477.35,50,98000
20231205,14:03:17,470.0,600,98200
20231205,14:03:28,469.75,100,98200
20231205,14:04:38,464.5,350,98200
20231205,14:05:08,463.0,350,98200
20231205,14:05:49,467.05,50,98200
20231205,14:06:40,469.9,50,98200
20231205,14:07:00,467.05,100,98200
20231205,14:07:40,471.55,50,98200
20231205,14:09:42,480.95,100,98250
20231205,14:09:52,480.0,50,98250
20231205,14:10:21,480.95,200,98250
20231205,14:11:20,481.0,150,98250
20231205,14:11:40,483.0,100,98250
20231205,14:11:59,481.8,50,98250
20231205,14:12:29,481.65,400,98050
20231205,14:12:39,482.0,100,98050
20231205,14:12:49,482.95,400,98050
20231205,14:13:49,481.75,50,98050
20231205,14:14:46,481.75,50,98050
20231205,14:15:15,477.95,50,98000
20231205,14:15:35,476.05,100,98000
20231205,14:16:05,477.75,100,98000
20231205,14:16:53,475.05,100,98000
20231205,14:17:32,475.6,200,98000
20231205,14:17:42,476.0,200,98000
20231205,14:18:40,473.6,50,97900
20231205,14:19:22,471.7,200,97900
20231205,14:20:40,473.1,100,97900
20231205,14:22:06,474.05,100,97850
20231205,14:22:44,478.35,150,97850
20231205,14:23:14,473.0,50,97850
20231205,14:24:12,471.0,250,97850
20231205,14:26:46,473.8,50,97800
20231205,14:27:04,474.95,50,97800
20231205,14:28:51,477.55,50,97750
20231205,14:30:10,482.95,150,97750
20231205,14:31:01,482.95,50,97900
20231205,14:31:11,482.95,50,97900
20231205,14:31:41,482.3,50,97900
20231205,14:31:50,484.75,50,97900
20231205,14:33:33,486.0,100,97950
20231205,14:35:31,487.15,50,97950
20231205,14:36:01,488.75,50,97950
20231205,14:36:11,491.0,50,97950
20231205,14:37:02,486.05,100,97900
20231205,14:38:50,491.55,50,97900
20231205,14:39:43,493.0,200,97900
20231205,14:40:03,493.0,1800,97900
20231205,14:40:45,495.45,250,97900
20231205,14:40:55,497.65,150,97900
20231205,14:41:05,497.0,250,97900
20231205,14:42:33,496.5,50,99450
20231205,14:42:43,496.15,50,99450
20231205,14:43:03,496.0,700,99450
20231205,14:44:04,496.0,50,99450
20231205,14:44:14,496.45,100,99450
20231205,14:44:24,496.0,1800,99450
20231205,14:44:45,490.05,100,99450
20231205,14:44:56,486.1,150,99450
20231205,14:45:49,491.85,50,100400
20231205,14:45:59,488.55,50,100400
20231205,14:46:09,487.5,100,100400
20231205,14:46:19,490.9,100,100400
20231205,14:47:18,488.5,50,100400
20231205,14:47:28,488.0,100,100400
20231205,14:47:58,485.95,400,100400
20231205,14:48:18,486.4,250,100400
20231205,14:49:08,486.9,50,99600
20231205,14:50:09,487.25,50,99600
20231205,14:50:48,486.3,150,99600
20231205,14:50:58,485.55,600,99600
20231205,14:52:10,490.0,1000,98750
20231205,14:56:21,495.0,50,98750
20231205,14:57:02,496.3,300,98750
20231205,14:57:43,498.0,50,98950
20231205,14:58:15,499.0,100,98950
20231205,14:59:41,497.25,500,98950
20231205,15:00:02,495.85,100,98950
20231205,15:00:23,497.25,50,99300
20231205,15:01:29,500.0,50,99300
20231205,15:01:50,500.0,400,99300
20231205,15:02:00,499.45,500,99300
20231205,15:02:31,498.4,100,99300
20231205,15:03:33,501.0,50,99650
20231205,15:04:16,503.05,100,99650
20231205,15:04:59,506.1,100,99650
20231205,15:05:21,504.0,50,99650
20231205,15:05:32,507.0,50,99650
20231205,15:05:54,507.8,100,99650
20231205,15:07:32,507.8,100,99700
20231205,15:09:08,507.0,150,99700
20231205,15:09:18,506.25,250,99700
20231205,15:09:59,505.0,50,100050
20231205,15:10:42,504.85,150,100050
20231205,15:11:24,507.55,100,100050
20231205,15:11:34,508.1,300,100050
20231205,15:11:45,507.5,50,100050
20231205,15:11:56,507.2,50,100050
20231205,15:12:17,505.2,100,100050
20231205,15:12:28,502.9,100,100700
20231205,15:13:11,502.3,100,100700
20231205,15:13:22,504.0,3400,100700
20231205,15:13:32,503.0,200,100700
20231205,15:14:04,503.0,600,100700
20231205,15:14:34,503.0,1200,100700
20231205,15:14:55,502.4,1000,100700
20231205,15:15:38,505.5,50,105900
20231205,15:17:14,505.0,50,105900
20231205,15:17:35,505.0,200,105900
20231205,15:18:06,503.0,50,105900
20231205,15:18:37,505.0,50,106100
20231205,15:20:02,505.0,100,106100
20231205,15:21:43,503.4,50,106150
20231205,15:21:53,503.1,150,106150
20231205,15:22:13,504.4,100,106150
20231205,15:22:23,505.0,200,106150
20231205,15:22:33,504.3,150,106150
20231205,15:22:42,503.9,150,106150
20231205,15:22:52,504.0,200,106150
20231205,15:23:02,503.0,250,106150
20231205,15:23:12,504.0,50,106150
20231205,15:25:14,505.0,150,106850
20231205,15:25:34,506.05,100,106850
20231205,15:25:45,505.9,1300,106850
20231205,15:25:55,505.9,100,106850
20231205,15:26:05,506.0,750,106850
20231205,15:26:15,506.0,150,106850
20231205,15:26:25,506.4,100,106850
20231205,15:27:04,508.0,600,106850
20231205,15:27:14,508.4,650,106850
20231205,15:27:25,508.5,650,106850
20231205,15:27:35,509.1,700,108250
20231205,15:28:06,512.5,1850,108250
20231205,15:28:50,512.7,250,108250
20231205,15:29:00,513.0,1800,108250
20231205,15:29:22,513.4,50,108250
20231205,15:29:33,515.2,300,108250
20231206,09:16:19,567.3,1,112050
20231206,09:16:19,567.3,50,112050
20231206,09:16:27,572.2,250,112050
20231206,09:16:35,564.35,50,112050
20231206,09:16:44,564.0,1500,112050
20231206,09:16:52,564.35,500,112050
20231206,09:17:08,564.35,800,112050
20231206,09:17:16,565.45,50,112050
20231206,09:17:24,567.5,50,112050
20231206,09:17:32,565.1,50,112050
20231206,09:17:48,560.0,50,109750
20231206,09:18:13,560.0,50,109750
20231206,09:18:48,560.0,100,109750
20231206,09:18:58,561.05,150,109750
20231206,09:19:08,561.2,50,109750
20231206,09:19:18,561.0,50,109750
20231206,09:19:40,561.0,50,109750
20231206,09:20:21,563.7,500,109750
20231206,09:20:22,563.55,50,109750
20231206,09:20:34,563.55,50,109750
20231206,09:20:45,563.55,50,110300
20231206,09:20:50,563.55,100,110300
20231206,09:21:22,561.8,100,110300
20231206,09:21:47,567.15,150,110300
20231206,09:21:53,569.0,100,110300
20231206,09:22:02,569.25,200,110300
20231206,09:22:11,566.05,100,110300
20231206,09:22:30,566.65,50,110300
20231206,09:22:43,566.9,50,110300
20231206,09:23:19,565.0,150,110300
20231206,09:24:23,569.0,50,110200
20231206,09:25:57,568.05,100,110200
20231206,09:26:08,568.0,500,110200
20231206,09:26:50,562.0,100,110850
20231206,09:28:05,558.5,50,110850
20231206,09:28:15,558.5,250,110850
20231206,09:29:29,565.0,450,110850
20231206,09:29:37,564.65,50,110850
20231206,09:29:47,564.55,100,110550
20231206,09:31:27,560.0,100,110550
20231206,09:32:09,559.2,200,110550
20231206,09:32:32,553.75,50,110550
20231206,09:34:01,553.75,50,110800
20231206,09:38:14,549.75,100,110850
20231206,09:39:12,549.75,50,110950
20231206,09:39:18,555.85,50,110950
20231206,09:40:52,569.95,100,110950
20231206,09:40:53,570.35,400,110950
20231206,09:41:09,571.6,50,110950
20231206,09:41:41,570.0,50,110950
20231206,09:41:56,569.85,50,110850
20231206,09:41:59,569.0,200,110850
20231206,09:42:40,568.7,850,110850
20231206,09:42:59,569.25,50,110850
20231206,09:43:02,572.65,50,110850
20231206,09:43:25,572.65,200,110850
20231206,09:43:53,570.6,50,110850
20231206,09:43:56,570.25,100,110850
20231206,09:43:58,569.1,50,110850
20231206,09:43:59,568.9,50,110850
20231206,09:44:04,570.05,250,110850
20231206,09:44:19,571.85,100,110850
20231206,09:45:04,571.0,50,109100
20231206,09:45:35,572.85,200,109100
20231206,09:45:55,572.35,100,109100
20231206,09:46:05,573.0,150,109100
20231206,09:46:16,574.0,300,109100
20231206,09:46:57,574.0,50,109100
20231206,09:47:07,574.0,150,109100
20231206,09:47:48,573.75,650,108200
20231206,09:47:59,574.0,400,108200
20231206,09:48:19,575.0,300,108200
20231206,09:48:40,575.0,250,108200
20231206,09:49:31,576.7,50,108200
20231206,09:49:42,579.1,250,108200
20231206,09:49:52,579.8,400,108200
20231206,09:50:03,585.15,900,108200
20231206,09:50:14,583.8,50,108200
20231206,09:50:36,584.85,300,108200
20231206,09:50:58,585.75,250,106600
20231206,09:52:08,583.1,200,106600
20231206,09:52:09,582.9,100,106600
20231206,09:52:13,584.85,100,106600
20231206,09:52:18,584.0,100,106600
20231206,09:52:44,584.0,50,106600
20231206,09:53:16,580.6,300,106600
20231206,09:53:37,579.95,1300,106600
20231206,09:54:29,576.5,100,105050
20231206,09:55:23,580.0,50,105050
20231206,09:57:36,580.0,100,104950
20231206,09:57:57,583.6,100,104950
20231206,09:58:17,585.5,500,104950
20231206,09:58:27,584.55,250,104950
20231206,09:58:37,584.55,50,104950
20231206,09:59:50,582.85,500,104950
20231206,10:00:01,582.85,100,103950
20231206,10:00:11,582.85,50,103950
20231206,10:02:36,582.0,800,103950
20231206,10:03:29,566.2,400,103900
20231206,10:05:28,571.85,50,103900
20231206,10:05:36,570.95,500,103900
20231206,10:06:07,567.2,500,103450
20231206,10:07:32,567.35,500,103450
20231206,10:09:28,555.7,50,103650
20231206,10:10:22,556.0,100,103650
20231206,10:13:31,558.9,500,103600
20231206,10:13:42,555.0,1300,103600
20231206,10:14:34,550.0,150,103600
20231206,10:14:55,550.0,1800,102150
20231206,10:15:16,551.6,1850,102150
20231206,10:16:18,556.5,1800,102150
20231206,10:21:09,568.45,1000,98550
20231206,10:21:19,567.0,1250,98550
20231206,10:21:40,566.15,1400,98550
20231206,10:22:02,568.35,50,98550
20231206,10:22:33,567.8,50,98550
20231206,10:22:44,568.3,150,98550
20231206,10:22:54,567.4,50,98550
20231206,10:23:04,568.65,650,98550
20231206,10:23:15,568.65,400,98550
20231206,10:23:25,567.8,50,98550
20231206,10:23:35,566.15,150,98550
20231206,10:23:57,562.0,100,98550
20231206,10:25:09,559.0,100,94000
20231206,10:25:23,561.9,50,94000
20231206,10:28:29,552.3,350,93850
20231206,10:28:39,550.6,800,93850
20231206,10:29:00,550.8,100,93850
20231206,10:29:10,551.0,50,93850
20231206,10:29:42,555.2,100,93850
20231206,10:30:03,554.75,50,92700
20231206,10:30:45,553.65,50,92700
20231206,10:31:16,553.5,50,92700
20231206,10:31:34,556.55,200,92700
20231206,10:31:35,556.85,100,92700
20231206,10:32:59,558.75,750,92300
20231206,10:33:09,559.7,350,92300
20231206,10:33:29,558.15,100,92300
20231206,10:33:31,558.35,200,92300
20231206,10:33:58,558.5,50,92300
20231206,10:34:12,557.3,800,92300
20231206,10:34:38,559.55,100,92300
20231206,10:34:47,558.1,50,92300
20231206,10:34:57,557.55,50,92300
20231206,10:35:06,556.95,200,92300
20231206,10:35:16,558.4,150,92300
20231206,10:37:23,556.6,50,89800
20231206,10:37:42,557.35,250,89800
20231206,10:38:10,557.6,50,89800
20231206,10:38:19,557.85,200,89800
20231206,10:38:29,557.45,50,89800
20231206,10:39:28,560.1,50,89300
20231206,10:39:40,561.05,50,89300
20231206,10:40:32,556.5,50,89300
20231206,10:41:15,558.6,250,89300
20231206,10:41:35,558.3,100,89300
20231206,10:41:54,557.45,1100,88850
20231206,10:43:10,558.1,100,88850
20231206,10:43:20,558.3,100,88850
20231206,10:43:38,559.4,50,88850
20231206,10:43:49,561.2,150,88850
20231206,10:43:59,561.6,100,88850
20231206,10:44:09,561.6,50,88850
20231206,10:45:09,562.85,250,88100
20231206,10:45:20,564.4,150,88100
20231206,10:45:30,565.5,300,88100
20231206,10:46:00,568.85,50,88100
20231206,10:48:55,571.0,100,87350
20231206,10:49:05,572.9,50,87350
20231206,10:49:26,577.45,500,87350
20231206,10:49:37,575.85,400,87350
20231206,10:49:58,578.35,150,87350
20231206,10:50:29,581.95,850,87350
20231206,10:51:33,578.0,1000,87350
20231206,10:57:40,578.9,100,85250
20231206,10:59:15,583.0,1000,85250
20231206,10:59:36,585.0,100,85250
20231206,10:59:57,586.05,50,85250
20231206,11:00:08,589.65,2250,85250
20231206,11:00:40,586.6,50,85250
20231206,11:03:41,586.1,50,84300
20231206,11:04:21,585.45,2500,84300
20231206,11:06:48,584.65,150,83900
20231206,11:07:56,582.5,200,83900
20231206,11:08:44,577.0,200,83900
20231206,11:10:27,577.0,50,84050
20231206,11:15:04,577.0,500,84050
20231206,11:17:39,577.0,50,84050
20231206,11:18:28,569.75,50,84600
20231206,11:21:51,572.0,50,84600
20231206,11:22:11,572.0,50,84600
20231206,11:33:42,576.0,100,84500
20231206,11:35:52,572.75,100,84500
20231206,11:41:31,573.7,100,84600
20231206,11:43:05,576.6,100,84500
20231206,11:53:04,576.15,150,84600
20231206,11:54:55,570.0,50,84750
20231206,11:58:58,571.7,50,84750
20231206,12:05:53,574.5,50,84700
20231206,12:07:56,574.5,300,84700
20231206,12:08:35,577.0,100,84700
20231206,12:09:31,576.0,50,84400
20231206,12:10:27,574.95,50,84400
20231206,12:11:14,573.8,50,84400
20231206,12:11:23,573.0,100,84400
20231206,12:12:00,571.5,50,84400
20231206,12:15:25,574.6,50,84550
20231206,12:20:33,569.95,600,84550
20231206,12:20:43,568.4,900,84550
20231206,12:21:02,569.1,150,84550
20231206,12:25:47,569.0,50,84850
20231206,12:26:14,569.0,800,84850
20231206,12:26:23,569.0,1000,84850
20231206,12:26:43,567.0,1850,84850
20231206,12:27:22,566.1,50,88000
20231206,12:32:04,565.0,200,87950
20231206,12:32:14,565.0,200,87950
20231206,12:34:48,555.7,350,88150
20231206,12:34:59,550.1,100,88150
20231206,12:35:09,548.15,50,88150
20231206,12:35:55,548.15,100,88150
20231206,12:36:06,553.0,50,88150
20231206,12:36:10,554.0,250,88150
20231206,12:36:24,554.75,50,87400
20231206,12:42:06,555.9,150,87350
20231206,12:42:16,553.95,250,87200
20231206,12:43:35,552.8,100,87200
20231206,12:44:53,550.85,50,87200
20231206,12:45:23,551.25,1150,86900
20231206,12:45:29,549.75,400,86900
20231206,12:45:35,548.6,50,86900
20231206,12:45:39,548.05,150,86900
20231206,12:45:41,548.0,250,86900
20231206,12:45:42,547.95,350,86900
20231206,12:45:43,547.2,50,86900
20231206,12:45:46,547.2,50,86900
20231206,12:51:53,549.75,50,86400
20231206,12:52:33,547.5,500,86400
20231206,12:54:20,545.6,150,86300
20231206,12:54:30,545.6,50,86300
20231206,12:55:11,545.5,50,86300
20231206,12:55:22,539.05,200,86300
20231206,12:56:54,547.9,50,86300
20231206,12:57:15,553.3,100,86300
20231206,12:59:54,556.2,100,86250
20231206,13:01:12,554.3,50,86150
20231206,13:02:29,550.6,100,86150
20231206,13:02:33,548.25,50,86150
20231206,13:03:01,548.8,50,86150
20231206,13:03:09,547.15,50,86150
20231206,13:03:40,545.45,50,85950
20231206,13:04:10,547.1,50,85950
20231206,13:04:24,544.1,50,85950
20231206,13:05:18,542.05,50,85950
20231206,13:07:46,534.5,100,85800
20231206,13:07:58,531.2,450,85800
20231206,13:08:30,529.5,100,85800
20231206,13:08:39,529.5,50,85800
20231206,13:08:44,530.45,100,85800
20231206,13:08:46,528.9,50,85800
20231206,13:08:58,528.4,50,85800
20231206,13:12:39,528.4,50,85450
20231206,13:15:12,534.3,200,85450
20231206,13:16:24,541.0,50,85650
20231206,13:17:27,541.3,50,85650
20231206,13:17:47,541.5,50,85650
20231206,13:18:57,539.35,50,85650
20231206,13:19:07,535.75,50,85650
20231206,13:19:17,536.9,50,85650
20231206,13:19:27,534.45,50,85650
20231206,13:19:57,536.3,50,85650
20231206,13:20:07,535.85,50,85650
20231206,13:20:17,535.1,450,85650
20231206,13:20:27,532.8,150,85650
20231206,13:21:16,531.25,50,85650
20231206,13:21:36,532.05,450,85300
20231206,13:24:27,527.9,100,84900
20231206,13:25:28,519.25,3600,84900
20231206,13:36:59,519.25,500,83400
20231206,13:37:41,557.5,50,83400
20231206,13:38:02,558.9,600,83400
20231206,13:38:34,553.1,300,83400
20231206,13:38:54,553.1,200,83400
20231206,13:39:26,550.1,50,83400
20231206,13:40:48,549.95,50,81900
20231206,13:49:49,557.35,300,81950
20231206,13:52:02,557.35,50,81750
20231206,13:53:22,557.2,1250,81750
20231206,13:56:24,557.2,100,82300
20231206,14:02:04,565.4,100,82200
20231206,14:03:52,564.05,50,82250
20231206,14:05:21,568.95,100,82250
20231206,14:08:55,562.5,50,82150
20231206,14:17:58,577.05,50,82150
20231206,14:25:05,576.6,500,82150
20231206,14:27:46,570.2,50,82650
20231206,14:32:05,578.55,100,82650
20231206,14:32:53,578.5,800,82650
20231206,14:35:33,581.3,50,83350
20231206,14:38:19,579.4,50,83350
20231206,14:38:35,579.15,50,83350
20231206,14:39:45,578.2,100,83350
20231206,14:40:04,579.15,250,83350
20231206,14:42:39,579.65,50,83350
20231206,14:45:29,583.4,50,83000
20231206,14:45:59,582.15,50,83000
20231206,14:46:09,580.6,750,83000
20231206,14:46:19,580.6,50,83000
20231206,14:46:28,578.75,300,83000
20231206,14:46:38,580.0,50,83000
20231206,14:47:07,583.45,500,83000
20231206,14:49:20,582.6,500,82500
20231206,14:50:08,583.7,500,82500
20231206,14:51:15,582.55,50,82500
20231206,14:51:54,583.0,200,82400
20231206,14:52:13,584.0,50,82400
20231206,14:52:33,583.5,150,82400
20231206,14:52:43,584.0,100,82400
20231206,14:53:04,588.0,100,82400
20231206,14:53:35,586.0,100,82400
20231206,14:53:45,586.0,200,82400
20231206,14:53:56,586.0,100,82400
20231206,14:55:27,584.0,100,82500
20231206,14:55:37,585.0,200,82500
20231206,14:55:47,585.5,150,82500
20231206,14:56:28,584.0,200,82500
20231206,14:56:49,584.0,150,82500
20231206,14:56:59,584.0,200,82500
20231206,14:57:19,584.55,100,82500
20231206,14:57:29,584.55,50,82500
20231206,14:57:39,586.2,50,82500
20231206,14:57:50,585.85,350,82500
20231206,14:58:00,585.0,50,82500
20231206,14:58:31,587.8,50,82500
20231206,14:58:42,588.4,50,82500
20231206,14:59:24,590.1,50,82500
20231206,14:59:35,590.1,100,82500
20231206,14:59:45,588.15,200,82500
20231206,14:59:55,587.45,200,82500
20231206,15:00:06,586.6,250,82500
20231206,15:00:28,585.3,50,82500
20231206,15:00:38,588.05,250,81050
20231206,15:00:49,590.4,50,81050
20231206,15:00:59,590.4,50,81050
20231206,15:01:30,589.55,50,81050
20231206,15:01:41,588.0,100,81050
20231206,15:02:14,573.25,500,81050
20231206,15:02:25,572.9,50,81050
20231206,15:02:40,580.35,50,81050
20231206,15:03:08,579.8,50,81050
20231206,15:03:59,578.7,50,81050
20231206,15:04:00,578.7,50,80550
20231206,15:04:16,580.0,250,80550
20231206,15:05:04,580.5,300,80550
20231206,15:05:24,580.5,300,80550
20231206,15:05:35,580.5,300,80550
20231206,15:05:45,580.5,150,80550
20231206,15:06:05,580.0,300,80550
20231206,15:06:35,580.5,250,80550
20231206,15:07:51,587.0,100,80750
20231206,15:08:12,583.0,250,80750
20231206,15:08:23,584.5,250,80750
20231206,15:10:29,584.0,350,80750
20231206,15:12:29,582.85,50,80750
20231206,15:14:21,581.45,50,81050
20231206,15:15:21,580.6,200,81050
20231206,15:15:32,580.0,750,81050
20231206,15:16:03,576.55,350,81300
20231206,15:16:24,575.0,500,81300
20231206,15:16:34,574.0,500,81300
20231206,15:17:25,574.5,500,81300
20231206,15:17:57,573.5,450,81300
20231206,15:18:07,573.5,50,81300
20231206,15:19:29,575.25,200,82450
20231206,15:22:15,574.0,50,82400
20231206,15:22:26,574.6,50,82400
20231206,15:22:47,577.0,100,82400
20231206,15:22:57,578.35,350,82400
20231206,15:24:22,580.0,50,82400
20231206,15:25:05,582.0,100,82800
20231206,15:25:15,580.2,100,82800
20231206,15:25:45,581.5,250,82800
20231206,15:26:06,583.0,50,82800
20231206,15:26:16,583.4,50,82800
20231206,15:27:08,585.0,250,82800
20231206,15:27:20,586.5,550,82800
20231206,15:27:42,585.4,100,82800
20231206,15:28:02,583.5,100,82800
20231206,15:29:04,584.25,150,82800
20231206,15:29:15,585.1,100,82800
20231206,15:29:25,581.25,250,82800
20231207,09:18:59,524.55,1,82050
20231207,09:18:59,524.0,200,82050
20231207,09:19:30,523.05,50,82050
20231207,09:20:01,523.05,650,82050
20231207,09:20:31,531.0,50,82050
20231207,09:21:32,531.95,50,82500
20231207,09:21:42,531.95,700,82500
20231207,09:22:22,531.95,50,82500
20231207,09:22:32,522.15,400,82500
20231207,09:23:03,525.0,1750,82500
20231207,09:23:13,523.0,50,82500
20231207,09:23:23,521.75,100,82500
20231207,09:23:33,521.75,500,82500
20231207,09:23:43,523.6,400,82250
20231207,09:23:54,526.0,50,82250
20231207,09:24:24,526.0,150,82250
20231207,09:25:05,519.8,50,82250
20231207,09:25:36,519.8,50,82250
20231207,09:25:57,520.05,100,82250
20231207,09:26:07,520.2,150,82250
20231207,09:26:57,519.45,50,81800
20231207,09:27:28,519.45,550,81800
20231207,09:27:39,520.4,50,81800
20231207,09:27:59,518.65,50,81800
20231207,09:28:10,518.65,500,81800
20231207,09:28:52,518.75,50,81800
20231207,09:30:59,522.75,50,82550
20231207,09:32:45,524.75,50,82500
20231207,09:34:47,531.0,100,82500
20231207,09:35:08,529.2,200,82500
20231207,09:36:30,530.45,50,82400
20231207,09:36:41,531.75,50,82400
20231207,09:38:37,542.1,100,82400
20231207,09:38:59,548.8,450,82500
20231207,09:40:03,548.8,50,82500
20231207,09:40:24,546.0,200,82500
20231207,09:42:27,547.8,100,82750
20231207,09:42:38,546.05,50,82750
20231207,09:43:29,543.5,350,82750
20231207,09:44:09,542.0,150,82750
20231207,09:45:00,536.15,50,82850
20231207,09:45:11,534.25,150,82850
20231207,09:46:02,536.4,50,82850
20231207,09:46:12,536.8,100,82850
20231207,09:47:51,539.55,50,82750
20231207,09:48:11,536.0,250,82750
20231207,09:48:42,531.25,50,82750
20231207,09:49:30,532.5,500,82750
20231207,09:49:36,530.45,50,82750
20231207,09:49:53,529.2,350,82750
20231207,09:50:34,531.0,300,82750
20231207,09:51:55,529.1,50,83750
20231207,09:53:25,534.0,50,83750
20231207,09:53:45,538.0,50,83450
20231207,09:54:55,540.0,150,83450
20231207,09:55:05,538.1,100,83450
20231207,09:55:15,537.75,200,83450
20231207,09:55:25,537.25,150,83450
20231207,09:55:45,538.65,200,83450
20231207,09:55:55,538.9,350,83450
20231207,09:58:42,532.8,100,82900
20231207,10:00:31,527.8,50,82900
20231207,10:01:56,524.0,50,82900
20231207,10:02:06,526.95,50,82900
20231207,10:02:45,525.0,50,82900
20231207,10:03:14,526.9,150,82900
20231207,10:03:53,526.9,50,82900
20231207,10:04:12,526.9,50,82900
20231207,10:06:27,524.45,50,83000
20231207,10:07:15,527.0,50,83000
20231207,10:11:21,521.0,50,83050
20231207,10:12:10,527.0,100,83050
20231207,10:12:20,527.25,100,83050
20231207,10:13:09,522.95,50,83050
20231207,10:15:05,521.5,50,83300
20231207,10:16:51,521.5,400,83300
20231207,10:19:33,520.65,150,83350
20231207,10:19:53,520.05,50,83350
20231207,10:20:44,522.25,50,83300
20231207,10:21:04,518.75,2000,83300
20231207,10:21:14,515.2,100,83300
20231207,10:23:35,515.2,350,83300
20231207,10:25:54,527.0,50,83950
20231207,10:27:16,527.0,50,83950
20231207,10:27:36,527.0,250,83950
20231207,10:27:46,527.0,50,83950
20231207,10:30:23,521.45,400,84100
20231207,10:36:57,526.4,50,84100
20231207,10:40:36,532.0,50,84100
20231207,10:40:54,540.5,100,84100
20231207,10:40:55,540.95,50,84100
20231207,10:40:56,539.5,50,84100
20231207,10:40:58,541.45,50,84100
20231207,10:41:09,540.0,250,84100
20231207,10:42:22,543.0,50,84100
20231207,10:44:21,544.0,50,84100
20231207,10:46:29,542.0,50,84100
20231207,10:49:47,543.0,50,84050
20231207,10:53:02,554.65,200,84000
20231207,10:53:03,553.4,100,84000
20231207,10:53:09,557.15,150,84000
20231207,10:54:21,556.6,50,84150
20231207,10:54:42,558.8,50,84150
20231207,10:54:48,558.8,50,84150
20231207,10:55:10,559.95,50,84150
20231207,10:55:18,560.9,50,84150
20231207,10:56:05,560.9,150,84150
20231207,10:56:06,558.0,50,84150
20231207,10:56:34,556.0,400,84150
20231207,10:58:17,550.5,100,83950
20231207,10:58:48,551.0,50,83950
20231207,10:59:06,550.75,100,83950
20231207,11:00:31,553.0,50,83850
20231207,11:00:52,553.0,150,83850
20231207,11:00:53,553.0,450,83850
20231207,11:00:55,553.0,100,83850
20231207,11:01:00,552.95,100,83850
20231207,11:01:04,553.0,100,83850
20231207,11:01:04,553.0,150,83850
20231207,11:01:05,553.0,850,83850
20231207,11:01:29,551.9,50,83850
20231207,11:01:30,554.0,300,83850
20231207,11:01:34,551.9,50,83850
20231207,11:03:01,557.0,300,82350
20231207,11:04:11,560.0,3650,82350
20231207,11:04:32,567.05,300,82350
20231207,11:05:17,572.35,50,82350
20231207,11:05:28,572.7,300,82350
20231207,11:06:13,567.5,50,81800
20231207,11:08:14,570.25,50,81800
20231207,11:08:38,571.9,50,81800
20231207,11:09:50,576.6,200,81750
20231207,11:09:51,576.6,50,81750
20231207,11:10:36,570.8,50,81750
20231207,11:13:30,569.0,50,81550
20231207,11:15:09,572.0,2550,81550
20231207,11:16:10,568.3,50,81550
20231207,11:16:50,564.5,1050,81550
20231207,11:17:43,563.55,400,81550
20231207,11:18:33,562.9,300,81550
20231207,11:21:33,560.05,1400,78800
20231207,11:33:12,552.4,400,78750
20231207,11:33:53,555.0,50,78750
20231207,11:35:49,560.0,50,78750
20231207,11:40:46,555.4,100,78800
20231207,11:43:33,555.75,50,78800
20231207,11:45:33,556.6,100,78800
20231207,11:46:11,555.25,50,78800
20231207,12:05:26,563.45,50,78750
20231207,12:06:59,560.3,100,78750
20231207,12:13:24,565.2,50,78850
20231207,12:15:30,563.5,50,78850
20231207,12:19:15,555.55,50,78850
20231207,12:19:24,558.25,50,78850
20231207,12:22:26,561.25,200,78900
20231207,12:27:30,561.0,150,79050
20231207,12:27:46,560.05,100,79050
20231207,12:30:29,560.0,50,79050
20231207,12:43:14,559.0,50,79100
20231207,12:57:22,557.35,50,79050
20231207,12:58:04,557.4,100,79050
20231207,13:06:31,557.0,100,79150
20231207,13:06:56,557.9,500,79150
20231207,13:11:24,559.0,250,79050
20231207,13:12:17,561.0,50,79050
20231207,13:18:50,563.25,50,79100
20231207,13:24:24,561.65,100,79050
20231207,13:25:23,562.9,700,79050
20231207,13:32:18,565.45,50,79000
20231207,13:32:21,565.25,50,79000
20231207,13:32:22,565.3,50,79000
20231207,13:33:34,564.9,100,79000
20231207,13:34:37,565.85,50,79000
20231207,13:36:53,570.05,50,79000
20231207,13:41:01,562.8,50,79000
20231207,13:42:32,560.0,50,79050
20231207,13:43:37,562.85,100,79050
20231207,13:43:49,563.55,50,79050
20231207,13:44:09,563.9,150,79050
20231207,13:49:41,561.3,50,79050
20231207,14:10:09,561.5,250,79050
20231207,14:10:10,561.5,50,79050
20231207,14:12:48,557.25,50,79050
20231207,14:18:38,557.75,250,79050
20231207,14:23:32,560.0,50,79300
20231207,14:24:27,557.35,200,79300
20231207,14:27:18,562.25,100,79500
20231207,14:29:05,564.15,50,79500
20231207,14:31:04,570.0,100,79500
20231207,14:31:09,570.0,100,79600
20231207,14:31:10,570.0,50,79600
20231207,14:36:00,566.95,50,79750
20231207,14:36:05,566.95,200,79750
20231207,14:37:20,567.95,50,79750
20231207,14:38:57,568.8,50,79750
20231207,14:41:12,567.8,50,79750
20231207,14:44:25,565.0,50,79750
20231207,14:44:43,565.0,100,79750
20231207,14:45:49,562.05,50,79850
20231207,14:46:00,562.0,50,79850
20231207,14:46:05,561.0,50,79850
20231207,14:46:20,561.0,50,79850
20231207,14:47:20,558.4,50,79850
20231207,14:47:21,559.1,100,79850
20231207,14:54:30,560.75,200,79850
20231207,14:55:51,563.2,50,79850
20231207,14:56:24,561.1,50,79850
20231207,14:56:51,561.0,50,79850
20231207,14:59:33,560.0,750,79700
20231207,15:00:09,557.55,600,79700
20231207,15:02:19,562.0,50,79400
20231207,15:03:48,558.0,150,79400
20231207,15:05:21,560.25,50,79400
20231207,15:05:34,561.0,50,79400
20231207,15:05:43,561.4,250,79400
20231207,15:05:56,559.4,150,79400
20231207,15:06:21,559.3,150,79400
20231207,15:07:40,559.3,500,79400
20231207,15:10:11,561.95,100,79950
20231207,15:13:29,564.55,50,79950
20231207,15:13:31,564.55,50,80000
20231207,15:14:07,564.55,50,80000
20231207,15:15:07,565.85,50,80000
20231207,15:15:25,565.8,250,80100
20231207,15:15:44,565.8,150,80100
20231207,15:20:28,565.8,50,80350
20231207,15:21:25,565.25,50,80400
20231207,15:25:39,566.25,50,80400
20231207,15:25:49,566.05,100,80400
20231207,15:26:09,567.35,100,80400
20231207,15:26:19,567.5,200,80400
20231207,15:26:39,567.1,100,80400
20231207,15:27:28,567.5,300,80300
20231207,15:27:37,566.75,700,80300
20231207,15:29:08,569.35,300,80300
20231207,15:29:18,566.65,100,80300
20231207,15:29:38,567.05,100,80300
20231207,15:29:58,554.15,150,80300
20231208,09:20:08,576.0,1,79750
20231208,09:20:08,576.0,50,79750
20231208,09:20:55,576.0,50,79750
20231208,09:22:09,570.2,50,79750
20231208,09:22:38,570.2,700,79750
20231208,09:22:48,575.95,50,79750
20231208,09:23:07,576.0,250,79750
20231208,09:24:14,580.8,50,80250
20231208,09:24:43,583.05,100,80250
20231208,09:27:06,583.85,50,80300
20231208,09:27:16,583.85,150,80300
20231208,09:32:10,583.85,100,80450
20231208,09:32:39,582.0,200,80450
20231208,09:33:06,580.35,200,80450
20231208,09:33:52,582.0,100,80450
20231208,09:36:08,577.75,50,80950
20231208,09:37:30,581.0,50,80950
20231208,09:39:07,582.0,100,80900
20231208,09:40:21,583.0,100,80900
20231208,09:42:50,589.0,100,80900
20231208,09:43:00,591.7,50,80900
20231208,09:43:20,591.7,1650,80900
20231208,09:44:07,590.0,50,80900
20231208,09:45:11,592.0,1000,81400
20231208,09:45:38,592.0,500,81400
20231208,09:46:49,588.15,50,81400
20231208,09:47:24,594.95,50,81400
20231208,09:47:29,594.95,50,81900
20231208,09:48:35,593.15,50,81900
20231208,09:48:53,593.35,150,81900
20231208,09:49:33,598.1,200,81900
20231208,09:50:15,597.55,100,81900
20231208,09:50:43,594.0,150,82000
20231208,09:51:36,594.0,100,82000
20231208,09:51:46,594.0,50,82000
20231208,09:53:21,596.65,100,82000
20231208,09:53:32,597.35,100,82200
20231208,09:55:02,597.65,50,82200
20231208,09:55:27,598.0,1000,82200
