date,time,tick_price,volume,open_interest
20240212,10:30:21,653.6,50,50
20240212,12:30:14,643.65,50,50
20240212,13:03:43,643.65,50,100
20240215,11:10:37,493.0,1,50
20240215,11:10:37,493.0,50,50
20240216,09:18:38,398.1,1,100
20240216,09:18:38,398.1,50,100
20240216,09:33:51,398.1,50,150
20240216,10:04:09,371.0,50,200
20240216,10:18:08,358.2,50,250
20240216,10:36:50,358.2,50,200
20240216,12:32:41,359.05,50,200
20240216,12:54:54,373.55,50,200
20240216,13:39:07,369.95,50,250
20240216,14:40:09,336.5,150,300
20240216,14:58:23,336.5,50,250
20240216,14:59:12,339.75,100,250
20240216,15:00:23,351.15,50,250
20240216,15:01:00,351.15,600,250
20240219,09:15:42,351.15,1,950
20240219,09:15:42,351.15,50,950
20240219,09:18:44,330.6,50,1000
20240219,09:20:25,330.6,50,1000
20240219,10:01:22,366.0,150,1000
20240219,10:21:44,344.0,350,1050
20240219,10:25:24,327.0,350,1400
20240219,10:27:28,327.0,150,1400
20240219,10:28:05,330.5,350,1750
20240219,10:40:26,338.25,1050,2100
20240219,10:54:45,330.0,100,3150
20240219,10:56:36,330.0,450,3250
20240219,10:57:53,325.3,50,3250
20240219,10:58:01,325.15,50,3750
20240219,10:58:35,320.0,150,3750
20240219,11:00:04,319.85,150,3750
20240219,11:02:56,319.85,50,4100
20240219,11:03:12,323.0,50,4100
20240219,11:05:53,323.0,50,4150
20240219,11:06:14,323.3,450,4150
20240219,11:06:29,324.3,500,4150
20240219,11:08:31,326.3,50,5150
20240219,11:08:45,324.95,200,5150
20240219,11:15:17,313.5,350,5400
20240219,11:15:26,313.25,200,5400
20240219,11:15:35,313.8,50,5400
20240219,11:15:44,312.5,200,5400
20240219,11:15:52,312.5,100,5400
20240219,11:16:04,311.55,50,5600
20240219,11:16:18,311.55,100,5600
20240219,11:16:32,311.55,500,5600
20240219,11:16:35,310.9,250,5600
20240219,11:16:58,305.0,150,5600
20240219,11:17:14,303.35,50,5600
20240219,11:17:24,303.35,100,5600
20240219,11:17:33,303.3,100,5600
20240219,11:17:43,303.3,50,5600
20240219,11:18:13,309.0,150,5600
20240219,11:18:33,307.55,50,5600
20240219,11:18:45,304.9,50,5600
20240219,11:18:46,304.85,50,5600
20240219,11:18:47,306.65,100,5600
20240219,11:19:01,305.4,50,6750
20240219,11:19:03,305.25,50,6750
20240219,11:19:15,305.1,50,6750
20240219,11:19:28,304.95,50,6750
20240219,11:19:31,304.55,50,6750
20240219,11:19:40,303.7,100,6750
20240219,11:19:47,303.6,50,6750
20240219,11:19:52,303.7,50,6750
20240219,11:20:11,302.9,50,6750
20240219,11:20:12,302.9,100,6750
20240219,11:21:09,306.3,100,6750
20240219,11:21:49,312.0,50,6750
20240219,11:22:21,310.75,50,7050
20240219,11:22:29,310.6,50,7050
20240219,11:22:37,312.55,50,7050
20240219,11:23:56,312.55,50,7050
20240219,11:25:17,315.5,50,7200
20240219,11:25:41,315.5,50,7200
20240219,11:25:58,316.2,50,7200
20240219,11:26:56,313.4,50,7200
20240219,11:32:11,318.0,100,7250
20240219,11:32:59,321.0,150,7250
20240219,11:33:08,319.65,50,7250
20240219,11:35:06,318.55,100,7400
20240219,11:35:29,320.35,50,7400
20240219,11:38:38,315.1,50,7500
20240219,11:39:59,318.1,100,7500
20240219,11:40:06,318.15,50,7650
20240219,11:40:20,318.1,900,7650
20240219,11:40:27,317.95,50,7650
20240219,11:41:03,317.9,50,7650
20240219,11:42:00,315.65,50,7650
20240219,11:44:07,315.0,50,8650
20240219,11:44:58,311.1,100,8650
20240219,11:47:15,312.1,50,8800
20240219,11:49:24,312.1,100,8750
20240219,11:50:58,311.15,100,8750
20240219,11:51:09,309.1,150,8750
20240219,11:52:45,309.1,50,8700
20240219,11:52:53,308.0,50,8700
20240219,11:54:16,310.65,50,8700
20240219,11:56:03,305.0,50,8750
20240219,11:57:18,297.1,50,8750
20240219,11:58:02,296.45,50,8850
20240219,11:58:23,296.45,100,8850
20240219,11:58:31,298.55,50,8850
20240219,12:00:36,305.35,50,8850
20240219,12:01:02,303.0,1000,8850
20240219,12:01:20,302.85,50,8900
20240219,12:02:32,305.05,50,8900
20240219,12:03:16,305.0,250,8900
20240219,12:03:24,304.85,50,8900
20240219,12:04:35,303.15,200,10100
20240219,12:06:43,301.85,50,10100
20240219,12:08:52,304.35,50,10100
20240219,12:11:36,301.1,50,10100
20240219,12:12:10,301.1,100,10100
20240219,12:14:00,300.5,500,10250
20240219,12:14:59,301.65,300,10250
20240219,12:17:52,298.5,50,10950
20240219,12:17:59,298.35,50,10950
20240219,12:20:31,301.5,50,11000
20240219,12:24:42,298.1,200,11000
20240219,12:24:43,297.95,50,11000
20240219,12:30:14,301.5,200,10800
20240219,12:33:52,300.45,50,10850
20240219,12:34:45,303.05,50,10850
20240219,12:35:14,304.65,50,10850
20240219,12:36:02,301.35,50,10850
20240219,12:37:29,299.3,150,10900
20240219,12:38:13,297.5,200,10900
20240219,12:38:20,298.05,100,10900
20240219,12:39:34,293.1,50,10900
20240219,12:43:33,293.1,50,11000
20240219,12:43:36,294.85,50,11000
20240219,12:44:25,294.6,100,11000
20240219,12:44:31,294.9,50,11000
20240219,12:44:37,294.05,50,11000
20240219,12:44:50,294.45,50,11000
20240219,12:44:57,296.55,300,11000
20240219,12:45:10,294.4,50,11000
20240219,12:45:15,295.05,200,11000
20240219,12:45:16,295.0,100,11000
20240219,12:46:39,297.85,100,11450
20240219,12:46:44,297.85,50,11450
20240219,12:46:46,297.9,50,11450
20240219,12:46:51,297.9,100,11450
20240219,12:46:56,297.9,150,11450
20240219,12:47:09,297.9,50,11450
20240219,12:48:41,298.45,150,11450
20240219,12:51:59,299.75,50,11250
20240219,12:56:26,297.6,100,11300
20240219,12:58:05,300.35,50,11300
20240219,13:00:38,297.15,50,11400
20240219,13:00:44,297.0,50,11400
20240219,13:00:56,296.55,200,11400
20240219,13:01:02,296.5,100,11400
20240219,13:02:38,301.8,100,11500
20240219,13:03:03,301.1,50,11500
20240219,13:03:28,301.8,200,11500
20240219,13:03:48,301.45,500,11500
20240219,13:04:45,301.0,50,12250
20240219,13:05:04,300.3,100,12250
20240219,13:06:03,302.0,50,12250
20240219,13:07:15,299.3,300,12250
20240219,13:07:22,297.6,600,12250
20240219,13:07:29,296.15,600,12250
20240219,13:07:36,298.45,200,12250
20240219,13:07:55,298.3,100,12250
20240219,13:08:02,298.3,100,12250
20240219,13:08:03,298.5,100,12250
20240219,13:08:07,298.5,200,12250
20240219,13:08:09,298.8,100,12250
20240219,13:08:15,299.15,200,12250
20240219,13:08:16,299.15,100,12250
20240219,13:08:29,299.5,100,12250
20240219,13:08:33,299.5,100,12250
20240219,13:08:38,299.9,100,12250
20240219,13:08:41,299.8,100,12250
20240219,13:09:10,299.75,100,12250
20240219,13:09:58,296.6,50,12250
20240219,13:10:05,296.75,250,12250
20240219,13:10:43,295.05,100,15250
20240219,13:11:49,297.0,100,15250
20240219,13:12:02,296.85,100,15250
20240219,13:12:47,294.25,650,15250
20240219,13:12:54,293.15,1300,15250
20240219,13:13:15,293.3,400,16950
20240219,13:13:16,293.3,350,16950
20240219,13:13:30,293.3,400,16950
20240219,13:14:15,290.95,600,16950
20240219,13:14:17,291.05,850,16950
20240219,13:14:20,292.45,500,16950
20240219,13:14:22,291.75,350,16950
20240219,13:14:23,291.75,200,16950
20240219,13:14:29,292.05,450,16950
20240219,13:14:30,293.2,1200,16950
20240219,13:14:31,292.05,50,16950
20240219,13:14:32,292.05,650,16950
20240219,13:14:33,291.75,150,16950
20240219,13:14:36,293.1,100,16950
20240219,13:14:49,291.15,50,16950
20240219,13:14:49,291.15,150,16950
20240219,13:14:50,290.95,200,16950
20240219,13:14:53,290.85,200,16950
20240219,13:14:54,290.7,100,16950
20240219,13:14:56,290.7,200,16950
20240219,13:14:59,290.75,200,16950
20240219,13:15:07,291.55,150,16950
20240219,13:15:27,290.0,300,16950
20240219,13:15:32,289.25,100,16950
20240219,13:15:33,289.25,100,16950
20240219,13:16:04,289.05,150,16950
20240219,13:16:19,289.05,200,22450
20240219,13:16:40,289.75,150,22450
20240219,13:16:47,290.0,150,22450
20240219,13:16:54,289.5,250,22450
20240219,13:17:07,289.6,150,22450
20240219,13:18:05,292.45,100,22450
20240219,13:18:25,293.7,200,22450
20240219,13:18:38,291.75,150,22450
20240219,13:19:07,294.45,50,22450
20240219,13:19:45,294.4,50,22450
20240219,13:22:39,295.25,100,22450
20240219,13:23:22,295.2,50,22450
20240219,13:27:06,299.0,100,22450
20240219,13:27:19,300.25,50,22450
20240219,13:27:26,300.4,200,22450
20240219,13:28:29,304.35,100,22450
20240219,13:28:30,305.0,50,22450
20240219,13:29:32,306.05,600,22450
20240219,13:30:09,302.0,50,22450
20240219,13:30:17,301.85,50,22450
20240219,13:32:03,302.5,50,22950
20240219,13:36:09,301.4,50,22950
20240219,13:36:56,304.1,100,22950
20240219,13:37:23,303.8,200,22850
20240219,13:37:49,303.7,150,22850
20240219,13:41:10,298.6,50,22850
20240219,13:46:57,293.0,50,22850
20240219,13:47:05,292.85,150,22850
20240219,13:50:47,291.0,50,22900
20240219,13:51:07,290.0,100,22900
20240219,13:54:57,291.9,50,23000
20240219,13:55:03,290.35,200,23000
20240219,13:57:25,294.45,100,23150
20240219,13:57:38,294.75,500,23150
20240219,13:58:15,287.7,700,23150
20240219,13:59:05,287.7,100,23700
20240219,13:59:12,293.15,300,23700
20240219,13:59:54,294.45,50,23700
20240219,14:03:21,291.5,100,23950
20240219,14:03:29,291.6,50,23950
20240219,14:03:42,293.0,50,23950
20240219,14:03:56,291.95,100,23950
20240219,14:04:10,292.25,100,23950
20240219,14:04:17,292.3,100,23950
20240219,14:04:30,291.55,100,24150
20240219,14:04:36,291.5,100,24150
20240219,14:04:50,290.7,100,24150
20240219,14:04:57,290.85,100,24150
20240219,14:05:03,291.6,50,24150
20240219,14:05:10,293.15,100,24150
20240219,14:05:17,291.15,100,24150
20240219,14:07:42,291.3,100,24200
20240219,14:08:18,292.25,50,24200
20240219,14:08:53,292.05,50,24200
20240219,14:09:13,290.6,50,24200
20240219,14:09:20,290.8,50,24200
20240219,14:09:34,291.85,50,24200
20240219,14:09:48,292.6,50,24200
20240219,14:10:02,292.65,150,24200
20240219,14:10:18,294.0,50,24200
20240219,14:10:33,295.0,150,24450
20240219,14:10:40,294.3,100,24450
20240219,14:10:48,294.85,50,24450
20240219,14:11:24,292.1,50,24450
20240219,14:11:38,292.25,50,24450
20240219,14:12:47,294.65,100,24450
20240219,14:13:21,296.15,100,24450
20240219,14:14:09,295.8,100,24400
20240219,14:14:28,295.2,50,24400
20240219,14:14:35,294.6,150,24400
20240219,14:15:02,296.3,350,24400
20240219,14:15:08,294.95,50,24400
20240219,14:15:42,292.55,50,24400
20240219,14:15:50,291.8,150,24400
20240219,14:16:10,290.5,50,24400
20240219,14:16:17,290.65,100,24400
20240219,14:17:37,293.9,100,24500
20240219,14:17:57,293.95,100,24500
20240219,14:20:26,292.75,50,24600
20240219,14:20:56,288.75,300,24600
20240219,14:21:30,289.65,50,24600
20240219,14:22:02,288.2,50,24600
20240219,14:23:28,283.2,100,24850
20240219,14:25:23,280.0,500,24850
20240219,14:25:41,280.0,100,25400
20240219,14:26:14,279.05,650,25400
20240219,14:26:22,281.95,500,25400
20240219,14:28:20,284.1,50,25400
20240219,14:29:57,282.85,200,26150
20240219,14:30:17,285.1,50,26150
20240219,14:30:45,284.95,100,26150
20240219,14:31:40,284.4,150,26050
20240219,14:33:06,286.0,50,26050
20240219,14:33:48,286.05,50,26050
20240219,14:33:55,285.0,650,26050
20240219,14:34:29,286.2,50,26200
20240219,14:35:18,285.3,500,26200
20240219,14:35:58,287.1,1800,26200
20240219,14:36:12,285.05,50,26200
20240219,14:36:19,285.0,200,26200
20240219,14:36:26,285.0,150,26200
20240219,14:37:06,287.95,700,26200
20240219,14:37:20,289.35,100,26200
20240219,14:37:49,288.05,250,28000
20240219,14:38:13,288.0,200,28000
20240219,14:38:20,288.0,200,28000
20240219,14:38:26,288.0,900,28000
20240219,14:38:38,288.0,50,28000
20240219,14:38:40,288.0,50,28000
20240219,14:38:41,288.05,100,28000
20240219,14:38:42,289.4,100,28000
20240219,14:38:48,288.0,150,28000
20240219,14:38:52,288.0,100,28000
20240219,14:38:53,288.0,450,28000
20240219,14:39:00,288.0,200,28000
20240219,14:39:00,288.0,50,28000
20240219,14:39:01,288.0,50,28000
20240219,14:39:02,288.55,50,28000
20240219,14:39:06,288.45,50,28000
20240219,14:39:10,288.0,100,28000
20240219,14:39:11,287.45,250,28000
20240219,14:39:11,287.5,50,28000
20240219,14:39:13,288.3,250,28000
20240219,14:39:16,287.9,100,28000
20240219,14:39:22,287.3,50,28000
20240219,14:39:23,287.25,100,28000
20240219,14:39:24,286.4,100,28000
20240219,14:39:26,286.45,100,28000
20240219,14:39:28,287.85,50,28000
20240219,14:39:31,288.1,200,28000
20240219,14:39:33,287.95,350,28000
20240219,14:39:42,286.9,100,28000
20240219,14:39:55,288.4,100,28000
20240219,14:40:02,288.2,50,28000
20240219,14:40:03,289.1,50,28000
20240219,14:40:18,289.45,150,28000
20240219,14:40:36,289.65,100,32050
20240219,14:41:33,288.35,100,32050
20240219,14:44:15,287.55,200,32200
20240219,14:44:28,288.5,50,32200
20240219,14:44:35,291.65,100,32200
20240219,14:45:01,289.85,150,32200
20240219,14:45:08,289.95,50,32200
20240219,14:45:22,291.1,700,32200
20240219,14:45:41,291.25,100,32200
20240219,14:46:04,290.0,50,32200
20240219,14:46:08,292.3,50,32200
20240219,14:46:44,291.5,50,32200
20240219,14:47:52,293.6,150,32750
20240219,14:47:58,293.85,50,32750
20240219,14:48:20,295.0,1000,32750
20240219,14:48:55,300.0,50,32750
20240219,14:49:03,301.35,50,32750
20240219,14:49:27,300.0,500,32750
20240219,14:49:35,299.4,50,32900
20240219,14:50:04,300.2,50,32900
20240219,14:51:18,300.15,50,32900
20240219,14:51:47,299.25,200,32900
20240219,14:52:23,295.0,200,32900
20240219,14:52:45,294.85,150,32900
20240219,14:53:08,294.45,100,32900
20240219,14:54:53,296.4,200,32900
20240219,14:55:08,299.6,50,32900
20240219,14:55:16,299.6,100,32900
20240219,14:55:23,297.75,50,32900
20240219,14:55:59,298.25,50,33300
20240219,14:56:16,301.5,50,33300
20240219,14:56:53,300.15,50,33300
20240219,14:57:27,307.9,100,33300
20240219,14:57:36,309.5,450,33300
20240219,14:58:11,308.6,50,33300
20240219,14:58:58,307.0,500,33000
20240219,15:00:06,304.6,350,33000
20240219,15:00:14,306.7,200,33000
20240219,15:00:46,305.7,150,33000
20240219,15:01:01,304.85,50,33000
20240219,15:01:10,302.35,400,33000
20240219,15:01:20,299.85,450,33000
20240219,15:01:37,296.55,50,33000
20240219,15:01:38,296.55,100,32850
20240219,15:01:59,298.6,100,32850
20240219,15:02:11,297.85,50,32850
20240219,15:02:26,298.45,100,32850
20240219,15:03:01,301.95,500,32850
20240219,15:03:10,304.3,450,32850
20240219,15:03:18,304.05,100,32850
20240219,15:03:42,308.9,100,32850
20240219,15:03:51,312.0,200,32850
20240219,15:04:09,311.4,350,32850
20240219,15:04:17,310.65,100,32850
20240219,15:04:25,311.45,50,32850
20240219,15:05:35,311.45,150,32700
20240219,15:05:50,313.95,100,32700
20240219,15:06:14,312.8,150,32700
20240219,15:06:23,315.65,100,32700
20240219,15:07:06,325.0,100,32700
20240219,15:07:23,323.15,50,32700
20240219,15:07:28,324.5,50,32700
20240219,15:07:50,325.0,50,32750
20240219,15:07:52,323.9,150,32750
20240219,15:07:59,323.15,50,32750
20240219,15:08:06,322.95,50,32750
20240219,15:08:12,319.35,50,32750
20240219,15:08:35,320.3,100,32750
20240219,15:08:47,322.0,300,32750
20240219,15:09:01,323.35,150,32750
20240219,15:09:13,322.15,50,32750
20240219,15:09:20,324.0,100,32750
20240219,15:09:27,325.5,150,32750
20240219,15:09:35,326.85,100,32750
20240219,15:09:54,328.95,150,32750
20240219,15:10:03,327.1,200,32750
20240219,15:10:11,327.0,150,32750
20240219,15:10:19,326.0,150,32750
20240219,15:10:27,327.6,150,32750
20240219,15:10:36,328.05,350,32500
20240219,15:10:44,328.0,100,32500
20240219,15:10:53,328.65,100,32500
20240219,15:11:01,327.55,150,32500
20240219,15:11:09,325.3,100,32500
20240219,15:12:05,321.4,50,32500
20240219,15:12:36,322.05,100,32500
20240219,15:14:19,319.95,50,32200
20240219,15:14:51,319.2,50,32200
20240219,15:15:22,322.2,100,32200
20240219,15:15:30,322.0,100,32200
20240219,15:15:54,317.8,50,32200
20240219,15:16:10,317.3,50,32200
20240219,15:16:18,316.1,100,32200
20240219,15:17:04,310.85,50,32350
20240219,15:17:36,311.0,500,32350
20240219,15:18:24,312.8,50,32350
20240219,15:19:04,315.0,200,32350
20240219,15:19:12,316.2,100,32350
20240219,15:20:07,314.6,50,32650
20240219,15:20:31,316.35,900,32650
20240219,15:20:39,316.7,100,32650
20240219,15:20:55,316.55,200,32650
20240219,15:21:26,316.35,50,32650
20240219,15:22:27,317.0,100,32650
20240219,15:23:26,320.0,900,32150
20240219,15:24:44,320.0,200,32150
20240219,15:24:59,320.0,350,32150
20240219,15:25:15,319.9,50,32150
20240219,15:25:37,320.0,1650,32300
20240219,15:25:45,320.0,600,32300
20240219,15:25:53,320.4,500,32300
20240219,15:27:26,325.95,500,32300
20240219,15:27:35,323.25,50,32300
20240219,15:27:42,326.0,50,32300
20240219,15:27:50,325.3,50,32300
20240219,15:28:14,321.25,50,32300
20240219,15:28:45,323.3,50,31700
20240219,15:29:30,321.15,50,31700
20240220,09:15:42,340.55,1,31750
20240220,09:15:42,340.55,50,31750
20240220,09:15:50,341.05,100,31750
20240220,09:15:58,340.0,50,31900
20240220,09:16:06,340.0,200,31900
20240220,09:16:42,346.3,50,31900
20240220,09:17:35,342.55,100,31900
20240220,09:19:05,351.55,100,32000
20240220,09:19:31,351.55,350,32000
20240220,09:20:03,351.1,50,32000
20240220,09:20:51,349.4,100,32000
20240220,09:21:06,353.85,100,32000
20240220,09:21:21,353.85,50,32000
20240220,09:22:21,353.85,300,32150
20240220,09:23:36,351.7,100,32150
20240220,09:24:18,345.1,1050,32150
20240220,09:25:25,345.95,100,32050
20240220,09:25:39,340.5,500,32050
20240220,09:27:35,341.0,100,32050
20240220,09:29:24,339.95,300,31550
20240220,09:30:48,342.95,100,31550
20240220,09:32:11,350.0,150,31550
20240220,09:32:43,348.65,100,31550
20240220,09:34:04,346.85,200,31550
20240220,09:37:46,341.5,200,31650
20240220,09:39:02,338.0,50,31650
20240220,09:40:43,338.0,50,31550
20240220,09:41:27,336.0,50,31550
20240220,09:43:52,328.0,50,31550
20240220,09:44:13,328.0,100,31550
20240220,09:44:23,330.3,100,31550
20240220,09:45:38,332.4,50,31550
20240220,09:45:55,332.7,100,31550
20240220,09:47:17,336.5,750,31550
20240220,09:48:38,341.95,50,31550
20240220,09:50:30,350.75,200,31650
20240220,09:51:04,352.0,200,31650
20240220,09:51:29,348.6,150,31650
20240220,09:52:42,348.6,50,31550
20240220,09:53:40,354.95,100,31550
20240220,09:53:51,357.95,50,31550
20240220,09:54:02,358.1,50,31550
20240220,09:55:06,362.2,150,31650
20240220,09:55:44,362.2,50,31650
20240220,09:57:14,363.05,150,31650
20240220,09:58:17,359.2,100,31650
20240220,09:58:33,359.0,200,31650
20240220,09:58:49,358.65,100,31650
20240220,09:59:14,356.5,100,31650
20240220,10:00:10,356.25,100,31650
20240220,10:02:20,353.2,150,31750
20240220,10:03:26,357.25,100,31750
20240220,10:03:34,360.8,200,31750
20240220,10:04:00,361.95,550,31750
20240220,10:04:08,360.0,50,31750
20240220,10:05:58,358.5,50,32300
20240220,10:07:54,356.0,50,31850
20240220,10:08:27,353.45,200,31850
20240220,10:08:54,347.4,100,31850
20240220,10:11:51,353.15,100,31750
20240220,10:12:08,351.85,100,31750
20240220,10:14:13,350.0,50,31850
20240220,10:16:37,330.0,300,31850
20240220,10:17:57,334.85,150,31850
20240220,10:18:46,334.1,50,31850
20240220,10:19:44,331.6,550,31850
20240220,10:20:46,335.15,50,31850
20240220,10:20:54,334.85,50,31850
20240220,10:21:11,330.7,200,31850
20240220,10:21:27,333.55,50,31850
20240220,10:22:33,333.6,150,31700
20240220,10:23:29,334.3,350,31700
20240220,10:24:02,337.0,1000,31700
20240220,10:24:10,333.95,100,31700
20240220,10:24:31,331.75,50,31700
20240220,10:29:17,331.75,100,32850
20240220,10:29:48,328.0,200,32850
20240220,10:31:05,325.5,100,32850
20240220,10:32:15,325.5,100,32900
20240220,10:34:18,332.3,150,32900
20240220,10:34:27,330.0,100,32900
20240220,10:35:39,330.0,100,32900
20240220,10:35:47,330.0,50,32900
20240220,10:37:18,336.1,100,33000
20240220,10:41:50,337.95,50,32900
20240220,10:43:51,341.3,250,32950
20240220,10:45:21,341.35,50,32950
20240220,10:45:44,346.4,200,32950
20240220,10:45:52,344.45,450,32950
20240220,10:46:08,341.0,50,32950
20240220,10:51:27,343.75,200,33000
20240220,10:51:35,345.1,100,33000
20240220,10:52:01,351.0,350,33000
20240220,10:53:01,348.35,100,33100
20240220,10:53:49,352.8,50,33100
20240220,10:54:21,355.0,50,33100
20240220,10:56:10,352.7,50,33000
20240220,10:56:18,351.1,100,33000
20240220,10:59:02,349.35,200,33000
20240220,10:59:11,352.0,50,33000
20240220,11:00:06,353.95,400,33000
20240220,11:01:02,348.35,100,33000
20240220,11:01:41,351.05,100,33300
20240220,11:05:14,350.0,100,33300
20240220,11:09:02,344.45,200,33200
20240220,11:21:21,328.8,100,33200
20240220,11:21:59,326.4,100,33200
20240220,11:22:15,327.0,300,33200
20240220,11:23:40,327.55,100,33500
20240220,11:25:44,331.55,100,33500
20240220,11:28:38,330.05,700,33600
20240220,11:29:00,330.0,1000,33600
20240220,11:29:34,330.0,350,33600
20240220,11:29:48,330.0,2250,33600
20240220,11:32:23,324.95,1000,33600
20240220,11:34:33,320.0,100,34050
20240220,11:39:17,320.0,1100,33950
20240220,11:40:02,331.0,50,33950
20240220,11:40:17,333.45,850,33950
20240220,11:40:23,331.2,350,33950
20240220,11:40:48,330.4,50,34650
20240220,11:41:06,329.65,150,34650
20240220,11:42:31,333.0,50,34650
20240220,11:43:23,332.25,50,34650
20240220,11:44:05,328.4,100,34650
20240220,11:49:50,324.8,100,34600
20240220,11:51:33,327.1,300,34600
20240220,11:54:53,324.95,100,34600
20240220,11:55:07,326.1,100,34600
20240220,11:56:28,320.95,100,34700
20240220,11:58:37,320.95,50,34600
20240220,11:59:02,315.0,250,34600
20240220,11:59:19,313.25,250,34600
20240220,11:59:46,313.25,100,34600
20240220,12:00:31,314.75,50,34600
20240220,12:01:28,310.0,100,34600
20240220,12:01:59,309.8,200,34800
20240220,12:02:09,308.1,100,34800
20240220,12:02:19,306.15,200,34800
20240220,12:02:28,305.0,50,34800
20240220,12:03:35,299.85,1050,34800
20240220,12:03:45,298.55,50,34800
20240220,12:04:03,298.55,150,34800
20240220,12:04:32,301.4,200,35150
20240220,12:04:49,301.95,400,35150
20240220,12:06:49,303.85,50,35150
20240220,12:07:35,302.0,100,35650
20240220,12:07:58,299.75,100,35650
20240220,12:08:22,299.6,150,35650
20240220,12:09:45,296.0,150,35650
20240220,12:09:58,295.0,250,35650
20240220,12:10:06,294.85,50,35650
20240220,12:10:08,294.85,300,35650
20240220,12:10:38,295.4,150,36150
20240220,12:10:43,295.25,150,36150
20240220,12:11:15,296.45,50,36150
20240220,12:13:07,300.9,50,36150
20240220,12:13:22,300.7,50,36150
20240220,12:13:33,300.8,50,36150
20240220,12:13:42,299.8,100,36350
20240220,12:13:47,299.45,100,36350
20240220,12:14:01,299.65,200,36350
20240220,12:14:02,299.95,150,36350
20240220,12:14:10,300.5,150,36350
20240220,12:14:12,300.45,100,36350
20240220,12:14:14,300.3,150,36350
20240220,12:15:06,301.9,150,36350
20240220,12:15:32,301.2,50,36350
20240220,12:15:59,302.85,50,36350
20240220,12:16:20,304.0,50,36350
20240220,12:16:22,305.05,50,36350
20240220,12:17:13,304.1,100,36350
20240220,12:19:57,308.6,50,36000
20240220,12:20:33,305.15,100,36100
20240220,12:21:04,306.8,50,36100
20240220,12:23:24,305.0,400,36050
20240220,12:23:31,305.0,850,36050
20240220,12:24:28,302.0,800,36050
20240220,12:30:53,304.45,50,36050
20240220,12:32:58,307.45,50,36000
20240220,12:33:12,308.7,50,36000
20240220,12:35:28,307.3,150,35950
20240220,12:38:24,307.25,100,35800
20240220,12:40:43,303.9,100,35700
20240220,12:40:50,303.1,250,35700
20240220,12:47:04,303.4,350,35700
20240220,12:48:28,306.25,50,35700
20240220,12:49:08,305.65,50,35700
20240220,12:51:06,304.1,200,35700
20240220,12:52:33,304.6,50,35700
20240220,12:53:25,302.3,50,35700
20240220,12:53:38,305.5,50,35700
20240220,12:55:07,305.25,300,35700
20240220,12:56:43,300.0,150,35350
20240220,12:57:13,301.0,100,35350
20240220,13:00:19,307.0,100,35350
20240220,13:01:31,306.3,50,35350
20240220,13:01:39,307.1,50,35450
20240220,13:02:28,310.3,50,35450
20240220,13:02:55,311.9,50,35450
20240220,13:02:56,309.6,50,35450
20240220,13:03:02,311.05,50,35450
20240220,13:03:04,311.8,100,35450
20240220,13:03:06,311.65,50,35450
20240220,13:03:08,311.6,50,35450
20240220,13:03:16,310.9,50,35450
20240220,13:03:17,309.75,100,35450
20240220,13:03:19,310.55,100,35450
20240220,13:03:21,310.6,50,35450
20240220,13:03:31,308.15,50,35450
20240220,13:03:32,308.05,50,35450
20240220,13:03:33,307.4,50,35450
20240220,13:03:35,308.8,50,35450
20240220,13:03:37,307.4,50,35450
20240220,13:03:40,307.5,50,35450
20240220,13:03:55,307.45,50,35450
20240220,13:03:57,308.9,50,35450
20240220,13:04:09,307.85,50,35450
20240220,13:05:23,308.95,100,34800
20240220,13:05:38,309.75,50,34800
20240220,13:06:37,309.0,50,34800
20240220,13:08:54,308.65,50,34750
20240220,13:10:24,306.35,100,34750
20240220,13:13:07,310.75,100,34650
20240220,13:16:25,317.95,100,34750
20240220,13:18:23,318.7,50,34650
20240220,13:18:30,319.95,50,34650
20240220,13:19:05,320.0,100,34650
20240220,13:23:40,313.9,200,34650
20240220,13:24:17,310.75,50,34650
20240220,13:27:48,309.6,100,34400
20240220,13:29:32,304.3,50,34350
20240220,13:32:32,304.5,100,34350
20240220,13:33:00,301.75,100,34350
20240220,13:34:30,303.0,50,34350
20240220,13:35:06,303.35,100,34350
20240220,13:36:06,305.2,100,34350
20240220,13:36:27,305.2,50,34350
20240220,13:43:46,305.6,150,34500
20240220,13:46:19,305.0,500,34500
20240220,13:46:48,305.0,500,34500
20240220,13:47:15,304.95,300,34500
20240220,13:48:10,304.95,850,34500
20240220,13:48:17,304.95,150,34500
20240220,13:48:44,304.95,1900,34500
20240220,13:53:51,316.0,50,34500
20240220,13:54:08,318.0,300,34500
20240220,13:55:42,326.0,50,34500
20240220,13:56:37,320.0,200,34500
20240220,13:59:49,321.3,200,34400
20240220,14:01:48,330.0,300,34300
20240220,14:02:09,337.3,150,34300
20240220,14:02:29,340.0,100,34300
20240220,14:02:47,341.5,50,34300
20240220,14:02:57,340.25,300,34300
20240220,14:03:16,342.85,500,34300
20240220,14:03:33,339.65,50,34300
20240220,14:03:56,341.0,350,34300
20240220,14:05:46,343.45,400,34300
20240220,14:06:02,347.1,100,34300
20240220,14:06:30,348.65,100,34300
20240220,14:06:47,344.6,100,34300
20240220,14:07:36,341.2,100,34300
20240220,14:07:42,339.5,50,34300
20240220,14:08:05,341.0,50,33900
20240220,14:11:40,333.9,150,33950
20240220,14:11:47,332.55,450,33950
20240220,14:12:02,335.4,100,33950
20240220,14:12:17,338.15,50,33950
20240220,14:12:34,333.65,50,33950
20240220,14:14:06,335.85,100,34000
20240220,14:14:36,330.0,100,34000
20240220,14:17:49,322.2,550,33950
20240220,14:18:33,320.9,50,33950
20240220,14:18:41,317.25,150,33950
20240220,14:18:50,316.55,50,33950
20240220,14:20:40,320.7,50,33350
20240220,14:21:17,321.9,50,33350
20240220,14:22:02,323.65,100,33350
20240220,14:23:32,316.05,50,33350
20240220,14:24:39,314.4,50,33350
20240220,14:28:13,314.45,50,33300
20240220,14:28:38,308.8,350,33300
20240220,14:28:55,308.8,50,33300
20240220,14:29:12,307.65,200,33300
20240220,14:30:01,308.95,50,33300
20240220,14:30:09,309.45,100,33300
20240220,14:31:29,310.4,150,33300
20240220,14:32:22,307.5,50,33300
20240220,14:32:30,306.95,100,33300
20240220,14:33:00,308.6,50,33300
20240220,14:33:31,306.45,50,33300
20240220,14:34:40,306.8,50,33300
20240220,14:35:42,304.7,50,33250
20240220,14:40:23,315.65,100,33250
20240220,14:41:01,314.05,50,33300
20240220,14:41:16,313.6,400,33300
20240220,14:42:09,311.7,50,33300
20240220,14:43:06,314.15,400,33300
20240220,14:52:16,314.05,50,33250
20240220,14:59:05,311.45,300,33200
20240220,14:59:12,312.0,50,33200
20240220,14:59:57,315.25,50,33200
20240220,15:00:04,312.75,50,33200
20240220,15:00:29,309.85,50,33200
20240220,15:00:38,305.05,1150,33200
20240220,15:01:13,310.6,50,33200
20240220,15:01:45,307.75,50,33200
20240220,15:02:16,307.75,100,33800
20240220,15:02:58,304.2,250,33800
20240220,15:03:35,300.0,200,33800
20240220,15:04:03,299.0,50,33800
20240220,15:04:50,300.9,200,33800
20240220,15:04:55,299.0,50,33900
20240220,15:05:03,300.3,100,33900
20240220,15:05:08,299.85,150,33900
20240220,15:05:21,298.05,50,33900
20240220,15:05:52,295.15,50,33900
20240220,15:05:53,295.0,250,33900
20240220,15:06:19,296.0,100,33900
20240220,15:06:23,295.0,700,33900
20240220,15:06:34,293.55,50,33900
20240220,15:06:42,293.55,100,33900
20240220,15:07:13,292.9,50,33900
20240220,15:07:21,292.3,200,33900
20240220,15:07:28,290.3,50,33900
20240220,15:07:45,288.5,150,33900
20240220,15:07:50,288.3,50,33900
20240220,15:07:56,288.3,100,33900
20240220,15:07:58,287.0,50,33900
20240220,15:08:00,286.75,150,33900
20240220,15:08:25,284.85,650,33900
20240220,15:08:35,284.85,200,33900
20240220,15:08:46,287.65,400,33900
20240220,15:10:02,288.8,400,33900
20240220,15:10:12,289.55,200,33900
20240220,15:10:16,288.8,100,33900
20240220,15:12:12,289.7,50,33300
20240220,15:12:18,288.95,50,33300
20240220,15:12:19,288.95,200,33300
20240220,15:12:57,288.5,100,33300
20240220,15:13:39,287.55,100,33300
20240220,15:14:21,289.7,50,33350
20240220,15:15:29,286.65,50,33350
20240220,15:16:37,286.35,50,33350
20240220,15:16:39,285.0,100,33350
20240220,15:18:59,287.2,100,33400
20240220,15:19:15,286.9,50,33400
20240220,15:19:19,287.35,50,33400
20240220,15:20:22,288.6,200,33500
20240220,15:20:27,288.2,200,33500
20240220,15:20:32,287.8,200,33500
20240220,15:20:38,287.85,200,33500
20240220,15:20:41,287.7,200,33500
20240220,15:20:51,286.55,50,33500
20240220,15:20:52,287.5,50,33500
20240220,15:20:53,287.75,200,33500
20240220,15:20:56,288.65,200,33500
20240220,15:20:57,288.55,100,33500
20240220,15:21:00,288.85,100,33500
20240220,15:22:16,287.2,50,33500
20240220,15:22:47,285.25,50,33500
20240220,15:22:55,284.85,200,33500
20240220,15:23:57,284.4,100,32050
20240220,15:24:32,284.4,50,32050
20240220,15:24:49,284.4,100,32050
20240220,15:25:13,285.7,300,32050
20240220,15:26:23,285.0,50,31700
20240220,15:26:25,285.0,50,31700
20240220,15:26:27,283.25,100,31700
20240220,15:26:40,282.5,50,31700
20240220,15:26:48,282.5,100,31700
20240220,15:26:57,282.5,50,31700
20240220,15:27:04,282.35,100,31700
20240220,15:27:32,282.3,50,31700
20240220,15:27:39,281.05,50,31700
20240220,15:27:54,281.05,250,31700
20240220,15:28:01,281.05,50,31700
20240220,15:28:09,280.4,50,31700
20240220,15:28:25,280.4,50,31700
20240220,15:28:40,282.0,50,31700
20240220,15:28:55,283.0,100,31700
20240220,15:29:25,282.0,600,31950
20240220,15:29:33,282.0,50,31950
20240220,15:29:42,284.6,50,31950
20240221,09:15:06,275.0,1,32350
20240221,09:15:06,275.0,50,32350
20240221,09:15:13,297.7,300,32350
20240221,09:15:20,297.7,200,32350
20240221,09:15:26,285.3,50,32350
20240221,09:15:31,285.65,50,32350
20240221,09:15:43,285.65,550,32350
20240221,09:15:59,285.65,500,32350
20240221,09:16:17,283.15,550,33200
20240221,09:16:22,282.7,1050,33200
20240221,09:16:27,284.65,300,33200
20240221,09:16:37,281.15,200,33200
20240221,09:17:08,279.0,200,33200
20240221,09:17:13,278.9,150,33200
20240221,09:17:44,278.9,150,33200
20240221,09:17:54,279.5,150,33200
20240221,09:17:59,279.1,400,33200
20240221,09:18:15,280.45,50,33200
20240221,09:18:36,278.05,50,33200
20240221,09:18:39,279.5,50,33200
20240221,09:18:45,278.0,300,33200
20240221,09:18:50,278.0,250,33200
20240221,09:19:01,278.4,50,33200
20240221,09:19:08,278.0,50,34100
20240221,09:19:40,275.0,50,34100
20240221,09:19:53,275.0,50,34100
20240221,09:20:03,275.25,100,34100
20240221,09:20:18,277.3,50,34100
20240221,09:20:20,277.15,200,34100
20240221,09:20:33,277.15,100,34100
20240221,09:21:05,279.05,50,34100
20240221,09:21:16,280.1,100,34100
20240221,09:21:25,279.7,50,34100
20240221,09:21:28,279.6,50,34100
20240221,09:21:56,279.75,50,34100
20240221,09:22:36,282.8,150,34200
20240221,09:22:37,284.4,350,34200
20240221,09:22:40,283.15,400,34200
20240221,09:22:55,285.55,500,34200
20240221,09:23:05,285.55,100,34200
20240221,09:23:08,285.0,50,34200
20240221,09:23:57,279.0,50,34200
20240221,09:24:00,278.9,50,34200
20240221,09:24:23,275.0,50,34200
20240221,09:24:25,274.9,250,34200
20240221,09:24:35,274.9,200,34200
20240221,09:25:34,276.0,50,34750
20240221,09:25:39,275.9,150,34750
20240221,09:25:48,275.15,150,34750
20240221,09:25:55,275.15,250,34750
20240221,09:25:58,275.0,150,34750
20240221,09:26:44,274.9,50,34750
20240221,09:27:26,280.65,50,34750
20240221,09:27:31,282.7,200,34750
20240221,09:27:42,283.15,50,34750
20240221,09:27:57,282.15,100,34750
20240221,09:28:03,281.25,850,34750
20240221,09:28:04,281.25,150,34750
20240221,09:28:08,280.5,50,35700
20240221,09:28:30,281.9,100,35700
20240221,09:28:37,281.95,100,35700
20240221,09:28:45,283.6,50,35700
20240221,09:28:56,283.6,250,35700
20240221,09:28:57,284.0,500,35700
20240221,09:29:10,287.0,350,35700
20240221,09:29:31,285.0,500,35700
20240221,09:29:41,283.45,50,35700
20240221,09:30:16,283.0,50,35700
20240221,09:30:21,282.85,150,35700
20240221,09:30:27,284.25,100,35700
20240221,09:30:42,283.2,500,35700
20240221,09:31:09,283.75,50,34800
20240221,09:31:10,284.85,50,34800
20240221,09:31:14,284.85,50,34800
20240221,09:31:22,283.0,200,34800
20240221,09:31:28,284.8,250,34800
20240221,09:31:42,284.8,150,34800
20240221,09:31:57,284.3,50,34800
20240221,09:32:18,286.0,100,34800
20240221,09:32:29,286.0,50,34800
20240221,09:33:01,282.0,100,34800
20240221,09:33:03,281.85,250,34800
20240221,09:33:28,281.85,50,34800
20240221,09:34:04,278.5,100,34800
20240221,09:34:07,280.0,50,34950
20240221,09:34:49,277.45,100,34950
20240221,09:36:02,275.0,150,34950
20240221,09:36:08,272.0,50,34950
20240221,09:36:09,270.6,150,34950
20240221,09:36:19,270.6,100,34950
20240221,09:36:23,271.6,50,34950
20240221,09:36:32,270.6,250,34950
20240221,09:36:39,269.0,150,34950
20240221,09:36:43,268.0,50,34950
20240221,09:36:56,266.15,150,34950
20240221,09:36:57,266.15,50,34950
20240221,09:36:58,267.35,300,34950
20240221,09:37:05,270.1,250,34950
20240221,09:37:13,268.35,50,35050
20240221,09:37:25,271.95,50,35050
20240221,09:37:34,273.15,150,35050
20240221,09:37:39,272.75,50,35050
20240221,09:37:56,270.75,50,35050
20240221,09:38:01,270.6,50,35050
20240221,09:38:25,269.0,50,35050
20240221,09:38:26,268.9,150,35050
20240221,09:38:28,268.4,50,35050
20240221,09:38:31,268.5,100,35050
20240221,09:38:35,270.35,50,35050
20240221,09:38:55,269.35,100,35050
20240221,09:39:40,270.45,50,35050
20240221,09:40:09,270.35,150,35350
20240221,09:40:25,272.7,150,35350
20240221,09:40:39,273.65,200,35350
20240221,09:40:40,272.7,250,35350
20240221,09:41:07,275.0,50,35350
20240221,09:41:30,270.4,50,35350
20240221,09:41:31,270.0,250,35350
20240221,09:41:34,270.0,50,35350
20240221,09:42:03,269.65,150,35350
20240221,09:42:22,271.25,50,35350
20240221,09:43:30,267.5,50,35350
20240221,09:43:31,267.9,100,35900
20240221,09:43:46,270.3,50,35900
20240221,09:43:52,269.3,100,35900
20240221,09:43:56,268.65,150,35900
20240221,09:44:15,268.65,50,35900
20240221,09:44:15,268.65,200,35900
20240221,09:44:21,268.65,250,35900
20240221,09:44:28,267.4,50,35900
20240221,09:44:29,266.95,100,35900
20240221,09:44:45,268.35,50,35900
20240221,09:44:50,268.95,150,35900
20240221,09:44:53,267.9,50,35900
20240221,09:44:57,269.15,100,35900
20240221,09:44:59,268.15,50,35900
20240221,09:45:14,266.05,50,35900
20240221,09:45:23,265.85,100,35900
20240221,09:45:25,265.85,100,35900
20240221,09:45:27,265.3,150,35900
20240221,09:45:27,265.0,100,35900
20240221,09:45:38,265.0,100,35900
20240221,09:45:48,266.15,100,35900
20240221,09:45:56,268.7,200,35900
20240221,09:46:01,268.7,150,35900
20240221,09:46:02,268.7,50,35900
20240221,09:46:05,267.3,100,35900
20240221,09:46:43,265.0,50,37800
20240221,09:46:45,265.9,50,37800
20240221,09:46:51,265.25,100,37800
20240221,09:46:59,267.15,100,37800
20240221,09:48:01,267.65,100,37800
20240221,09:48:16,266.7,500,37800
20240221,09:48:17,266.35,50,37800
20240221,09:48:18,266.35,50,37800
20240221,09:48:24,266.35,100,37800
20240221,09:48:30,266.8,50,37800
20240221,09:48:37,265.15,100,37800
20240221,09:48:41,265.95,150,37800
20240221,09:49:03,266.75,100,37800
20240221,09:49:08,269.3,200,38400
20240221,09:49:17,268.65,1000,38400
20240221,09:50:15,269.15,50,38400
20240221,09:50:18,270.05,200,38400
20240221,09:50:32,268.55,100,38400
20240221,09:51:02,268.45,100,38400
20240221,09:51:51,271.9,50,38400
20240221,09:51:54,272.35,50,38400
20240221,09:52:21,270.0,50,38150
20240221,09:52:48,266.55,50,38150
20240221,09:53:01,265.0,250,38150
20240221,09:53:07,265.0,50,38150
20240221,09:53:10,265.25,100,38150
20240221,09:53:13,264.6,50,38150
20240221,09:53:38,264.6,50,38150
20240221,09:53:41,264.65,50,38150
20240221,09:53:50,264.6,100,38150
20240221,09:53:51,262.9,100,38150
20240221,09:53:55,262.9,150,38150
20240221,09:54:24,268.05,100,38150
20240221,09:54:37,269.7,50,38150
20240221,09:54:56,270.4,200,38150
20240221,09:55:03,271.6,400,38150
20240221,09:55:04,273.0,50,38150
20240221,09:55:05,273.85,400,38150
20240221,09:55:11,273.85,500,39000
20240221,09:55:46,270.25,50,39000
20240221,09:55:50,268.2,150,39000
20240221,09:55:51,268.1,50,39000
20240221,09:56:05,270.85,100,39000
20240221,09:56:06,271.55,100,39000
20240221,09:56:09,272.7,50,39000
20240221,09:56:20,271.3,50,39000
20240221,09:56:37,269.55,100,39000
20240221,09:56:38,269.55,100,39000
20240221,09:56:45,271.3,100,39000
20240221,09:56:54,271.25,100,39000
20240221,09:57:00,270.9,50,39000
20240221,09:57:29,270.4,100,39000
20240221,09:57:30,270.4,150,39000
20240221,09:57:31,270.2,250,39000
20240221,09:57:32,270.45,250,39000
20240221,09:57:33,270.85,250,39000
20240221,09:57:34,270.85,200,39000
20240221,09:57:35,270.85,200,39000
20240221,09:57:36,270.3,350,39000
20240221,09:57:37,270.2,50,39000
20240221,09:58:19,267.7,200,39750
20240221,09:58:29,266.3,300,39750
20240221,09:58:46,266.0,100,39750
20240221,09:58:50,266.15,100,39750
20240221,09:59:20,264.55,100,39750
20240221,09:59:24,264.55,400,39750
20240221,09:59:25,264.55,150,39750
20240221,09:59:28,262.65,50,39750
20240221,09:59:39,262.65,50,39750
20240221,09:59:41,264.1,250,39750
20240221,09:59:59,264.6,50,39750
20240221,10:00:09,262.35,100,39750
20240221,10:00:11,262.35,200,39750
20240221,10:00:15,261.55,50,39750
20240221,10:00:17,261.55,100,39750
20240221,10:00:21,263.8,250,39750
20240221,10:00:33,262.6,50,39750
20240221,10:00:35,264.1,50,39750
20240221,10:00:43,263.7,50,39750
20240221,10:00:45,263.8,50,39750
20240221,10:00:52,263.85,500,39750
20240221,10:00:56,262.85,50,39750
20240221,10:01:03,263.95,50,39750
20240221,10:01:20,264.75,500,41700
20240221,10:01:24,265.0,100,41700
20240221,10:01:30,265.95,100,41700
20240221,10:01:47,266.7,50,41700
20240221,10:01:48,267.2,300,41700
20240221,10:01:49,266.1,50,41700
20240221,10:01:53,265.9,300,41700
20240221,10:01:54,264.85,100,41700
20240221,10:02:02,265.75,100,41700
20240221,10:02:08,265.35,50,41700
20240221,10:02:10,266.05,100,41700
20240221,10:02:12,266.1,500,41700
20240221,10:02:22,266.1,200,41700
20240221,10:02:23,266.1,300,41700
20240221,10:02:26,266.0,50,41700
20240221,10:02:41,266.15,150,41700
20240221,10:02:51,267.15,500,41700
20240221,10:04:12,265.0,150,43300
20240221,10:04:19,265.0,50,43300
20240221,10:04:33,265.0,500,43300
20240221,10:05:06,265.35,50,43300
20240221,10:05:27,266.35,100,43300
20240221,10:05:59,266.35,250,43300
20240221,10:06:45,264.0,50,43300
20240221,10:06:46,263.25,200,43300
20240221,10:06:50,263.95,100,43300
20240221,10:06:56,263.85,100,43300
20240221,10:07:07,262.95,400,43300
20240221,10:07:23,263.8,100,43350
20240221,10:07:28,264.9,50,43350
20240221,10:07:45,268.6,100,43350
20240221,10:07:55,269.1,100,43350
20240221,10:08:06,268.0,150,43350
20240221,10:08:14,266.7,100,43350
20240221,10:08:18,264.35,550,43350
20240221,10:08:19,265.15,100,43350
20240221,10:08:28,263.95,50,43350
20240221,10:08:39,264.5,100,43350
20240221,10:08:53,264.5,200,43350
20240221,10:09:01,265.45,150,43350
20240221,10:09:02,266.0,350,43350
20240221,10:09:04,266.45,100,43350
20240221,10:09:13,264.65,150,43350
20240221,10:09:22,264.6,50,43350
20240221,10:09:26,263.35,50,43350
20240221,10:09:33,264.7,50,43350
20240221,10:09:37,263.95,50,43350
20240221,10:09:39,265.0,150,43350
20240221,10:09:47,263.35,50,43350
20240221,10:10:06,263.2,50,43350
20240221,10:10:09,264.25,50,43350
20240221,10:10:12,263.7,50,43350
20240221,10:10:13,263.65,50,44950
20240221,10:10:16,263.55,50,44950
20240221,10:10:21,263.2,50,44950
20240221,10:10:25,263.85,50,44950
20240221,10:10:26,263.85,50,44950
20240221,10:10:29,263.65,50,44950
20240221,10:10:30,263.5,50,44950
20240221,10:10:32,264.3,50,44950
20240221,10:10:47,264.95,50,44950
20240221,10:10:51,265.2,50,44950
20240221,10:10:52,265.25,100,44950
20240221,10:10:53,264.85,50,44950
20240221,10:10:58,265.3,100,44950
20240221,10:10:59,264.9,50,44950
20240221,10:11:04,263.9,50,44950
20240221,10:11:11,265.3,100,44950
20240221,10:11:33,268.1,50,44950
20240221,10:11:34,268.1,50,44950
20240221,10:11:35,268.1,50,44950
20240221,10:11:44,267.45,50,44950
20240221,10:11:49,266.7,50,44950
20240221,10:11:50,266.1,50,44950
20240221,10:11:54,266.25,50,44950
20240221,10:11:59,267.2,50,44950
20240221,10:12:02,268.75,50,44950
20240221,10:12:13,267.5,50,44950
20240221,10:12:23,268.0,50,44950
20240221,10:12:30,268.75,50,44950
20240221,10:12:50,272.6,300,44950
20240221,10:12:52,275.0,100,44950
20240221,10:12:53,275.0,50,44950
20240221,10:12:54,277.0,350,44950
20240221,10:12:55,275.8,150,44950
20240221,10:12:56,274.3,200,44950
20240221,10:12:57,273.55,50,44950
20240221,10:12:58,273.55,100,44950
20240221,10:13:00,272.95,50,44950
20240221,10:13:01,274.75,50,44950
20240221,10:13:03,275.7,50,44950
20240221,10:13:07,275.85,100,44950
20240221,10:13:10,274.85,50,44950
20240221,10:13:11,274.45,50,44950
20240221,10:13:19,276.35,100,44100
20240221,10:13:21,279.1,150,44100
20240221,10:13:23,279.65,50,44100
20240221,10:13:26,280.8,50,44100
20240221,10:13:32,279.05,150,44100
20240221,10:13:33,276.3,50,44100
20240221,10:13:37,276.3,500,44100
20240221,10:13:42,274.5,100,44100
20240221,10:13:48,275.8,50,44100
20240221,10:13:49,277.1,50,44100
20240221,10:13:54,272.65,50,44100
20240221,10:13:55,271.4,150,44100
20240221,10:13:56,272.4,350,44100
20240221,10:13:57,272.35,50,44100
20240221,10:13:58,271.65,150,44100
20240221,10:14:00,271.85,350,44100
20240221,10:14:01,271.85,250,44100
20240221,10:14:02,274.3,150,44100
20240221,10:14:03,275.05,100,44100
20240221,10:14:07,275.8,50,44100
20240221,10:14:27,274.7,50,44100
20240221,10:15:02,277.0,50,44100
20240221,10:15:19,273.85,50,44100
20240221,10:15:20,273.4,50,44100
20240221,10:15:32,273.65,100,44100
20240221,10:15:38,273.65,50,44100
20240221,10:15:51,271.15,300,44100
20240221,10:15:53,272.0,50,44100
20240221,10:16:02,272.0,500,44100
20240221,10:16:04,273.75,150,44100
20240221,10:16:07,272.05,50,44100
20240221,10:16:24,271.9,100,45800
20240221,10:16:37,272.55,150,45800
20240221,10:16:42,272.7,50,45800
20240221,10:16:43,274.25,50,45800
20240221,10:17:00,273.8,50,45800
20240221,10:17:01,274.4,150,45800
20240221,10:17:02,275.5,50,45800
20240221,10:17:03,276.1,50,45800
20240221,10:17:06,275.85,50,45800
20240221,10:17:08,276.95,50,45800
20240221,10:17:14,277.55,50,45800
20240221,10:17:16,276.55,100,45800
20240221,10:17:17,276.15,50,45800
20240221,10:17:26,275.4,50,45800
20240221,10:17:39,275.05,50,45800
20240221,10:17:58,275.75,200,45800
20240221,10:18:13,273.35,200,45800
20240221,10:18:25,272.3,50,45800
20240221,10:18:26,271.95,200,45800
20240221,10:18:27,272.05,100,45800
20240221,10:18:28,271.95,200,45800
20240221,10:18:28,271.45,50,45800
20240221,10:18:29,271.25,350,45800
20240221,10:18:30,271.35,100,45800
20240221,10:18:31,271.25,50,45800
20240221,10:18:32,271.0,100,45800
20240221,10:18:33,271.4,50,45800
20240221,10:18:42,273.0,300,45800
20240221,10:18:45,274.75,200,45800
20240221,10:18:52,274.4,50,45800
20240221,10:18:55,276.15,200,45800
20240221,10:18:56,275.5,50,45800
20240221,10:18:57,275.55,250,45800
20240221,10:18:58,275.2,250,45800
20240221,10:19:01,275.45,250,45800
20240221,10:19:02,275.4,100,45800
20240221,10:19:03,275.35,200,45800
20240221,10:19:04,276.2,200,45800
20240221,10:19:09,276.3,50,45800
20240221,10:19:10,276.3,50,45800
20240221,10:19:11,274.95,50,45800
20240221,10:19:12,275.4,50,45800
20240221,10:19:13,276.85,250,45800
20240221,10:19:15,278.8,250,47000
20240221,10:19:19,278.3,150,47000
20240221,10:19:21,277.7,100,47000
20240221,10:19:22,277.75,450,47000
20240221,10:19:23,279.0,450,47000
20240221,10:19:24,277.8,250,47000
20240221,10:19:25,278.25,250,47000
20240221,10:19:26,278.25,200,47000
20240221,10:19:27,279.95,400,47000
20240221,10:19:28,280.0,350,47000
20240221,10:19:29,280.6,50,47000
20240221,10:19:30,278.0,50,47000
20240221,10:19:31,277.65,250,47000
20240221,10:19:32,276.6,50,47000
20240221,10:19:35,278.55,100,47000
20240221,10:19:36,277.85,100,47000
20240221,10:19:36,277.75,150,47000
20240221,10:19:38,278.6,550,47000
20240221,10:19:38,278.6,50,47000
20240221,10:19:39,279.15,250,47000
20240221,10:19:40,279.65,400,47000
20240221,10:19:41,278.15,200,47000
20240221,10:19:42,277.95,250,47000
20240221,10:19:43,278.0,100,47000
20240221,10:19:44,277.6,350,47000
20240221,10:19:45,277.85,300,47000
20240221,10:19:46,277.4,300,47000
20240221,10:19:47,277.85,200,47000
20240221,10:19:48,277.85,200,47000
20240221,10:19:49,277.2,200,47000
20240221,10:19:51,277.2,150,47000
20240221,10:19:53,277.75,200,47000
20240221,10:19:54,277.8,250,47000
20240221,10:19:55,277.15,100,47000
20240221,10:19:56,277.1,250,47000
20240221,10:19:57,277.1,50,47000
20240221,10:19:58,277.2,200,47000
20240221,10:19:59,277.3,200,47000
20240221,10:20:00,277.2,200,47000
20240221,10:20:01,277.25,50,47000
20240221,10:20:02,280.4,650,47000
20240221,10:20:03,281.4,50,47000
20240221,10:20:08,282.0,100,47000
20240221,10:20:09,282.1,250,47000
20240221,10:20:10,282.65,200,47000
20240221,10:20:11,282.75,50,47000
20240221,10:20:12,282.45,50,47000
20240221,10:20:21,282.2,50,47000
20240221,10:20:36,283.3,50,47000
20240221,10:20:38,282.0,150,47000
20240221,10:20:48,281.5,50,47000
20240221,10:20:52,280.65,200,47000
20240221,10:21:00,282.75,50,47000
20240221,10:21:01,283.4,200,47000
20240221,10:21:06,284.75,50,47000
20240221,10:21:23,284.9,150,47000
20240221,10:21:24,285.0,50,47000
20240221,10:21:26,285.75,450,47000
20240221,10:21:48,284.25,50,47000
20240221,10:22:03,283.0,200,47000
20240221,10:22:46,282.65,50,53350
20240221,10:22:56,281.1,50,53350
20240221,10:23:02,280.9,150,53350
20240221,10:23:03,283.7,750,53350
20240221,10:23:04,282.25,400,53350
20240221,10:23:06,280.5,200,53350
20240221,10:23:07,281.15,400,53350
20240221,10:23:08,281.15,50,53350
20240221,10:23:24,281.75,250,53350
20240221,10:23:30,280.55,50,53350
20240221,10:23:31,280.7,100,53350
20240221,10:23:32,280.2,50,53350
20240221,10:23:33,280.25,50,53350
20240221,10:23:34,280.0,50,53350
20240221,10:23:35,279.25,50,53350
20240221,10:23:36,279.1,150,53350
20240221,10:23:37,279.1,50,53350
20240221,10:23:38,279.4,50,53350
20240221,10:23:40,279.75,150,53350
20240221,10:23:41,279.25,200,53350
20240221,10:23:42,279.05,50,53350
20240221,10:23:45,277.9,550,53350
20240221,10:23:50,276.9,50,53350
20240221,10:23:58,276.4,100,53350
20240221,10:23:59,275.6,500,53350
20240221,10:24:05,274.9,500,53350
20240221,10:24:11,277.1,50,53350
20240221,10:24:14,277.6,50,53350
20240221,10:24:18,278.1,150,53350
20240221,10:24:19,278.3,100,53350
20240221,10:24:21,277.75,50,53350
20240221,10:24:29,275.9,50,53350
20240221,10:24:34,276.9,50,53350
20240221,10:24:35,277.05,150,53350
20240221,10:24:41,276.25,100,53350
20240221,10:24:46,275.65,50,53350
20240221,10:24:58,275.8,100,53350
20240221,10:24:59,275.8,100,53350
20240221,10:25:02,277.75,200,53350
20240221,10:25:04,277.1,100,53350
20240221,10:25:06,277.45,100,53350
20240221,10:25:17,275.5,150,57600
20240221,10:25:33,274.4,100,57600
20240221,10:25:58,273.9,50,57600
20240221,10:26:01,275.05,350,57600
20240221,10:26:15,272.0,50,57600
20240221,10:26:30,275.45,50,57600
20240221,10:26:39,276.95,50,57600
20240221,10:26:58,275.75,300,57600
20240221,10:27:09,276.3,50,57600
20240221,10:27:22,276.6,200,57600
20240221,10:27:24,275.8,50,57600
20240221,10:27:57,284.1,50,57600
20240221,10:28:04,285.0,300,57600
20240221,10:28:07,286.6,300,57600
20240221,10:28:08,286.6,50,57600
20240221,10:28:21,288.75,50,57950
20240221,10:28:23,290.25,100,57950
20240221,10:28:32,290.25,100,57950
20240221,10:28:38,290.0,450,57950
20240221,10:28:52,289.35,250,57950
20240221,10:29:04,287.4,50,57950
20240221,10:29:10,288.0,300,57950
20240221,10:29:22,287.85,150,57950
20240221,10:29:23,288.0,50,57950
20240221,10:29:32,288.0,50,57950
20240221,10:29:34,287.0,100,57950
20240221,10:29:55,284.75,50,57950
20240221,10:30:07,285.15,150,57950
20240221,10:30:16,288.0,750,57950
20240221,10:30:25,285.95,500,57950
20240221,10:30:31,283.55,150,57950
20240221,10:31:00,280.45,150,57950
20240221,10:31:07,280.0,100,57950
20240221,10:31:24,280.0,100,58250
20240221,10:31:35,280.0,150,58250
20240221,10:31:41,279.95,150,58250
20240221,10:32:27,277.9,50,58250
20240221,10:33:04,278.0,1000,58250
20240221,10:33:11,280.15,300,58250
20240221,10:33:40,279.05,50,58250
20240221,10:34:35,275.15,200,58250
20240221,10:35:31,277.55,300,58250
20240221,10:36:32,275.5,100,58250
20240221,10:36:41,276.3,150,58250
20240221,10:37:06,278.5,100,58250
20240221,10:37:40,277.3,200,58400
20240221,10:37:50,277.95,50,58400
20240221,10:38:56,280.65,150,58400
20240221,10:39:24,281.9,200,58400
20240221,10:39:30,282.75,650,58400
20240221,10:39:36,283.5,750,58400
20240221,10:39:45,282.0,50,58400
20240221,10:39:50,282.0,1000,58400
20240221,10:40:06,283.8,200,58400
20240221,10:40:29,286.45,50,59550
20240221,10:40:52,288.95,200,59550
20240221,10:41:01,287.45,100,59550
20240221,10:41:30,283.0,150,59550
20240221,10:41:32,283.0,50,59550
20240221,10:41:43,284.95,450,59550
20240221,10:42:00,283.0,50,59550
20240221,10:42:34,285.0,50,59550
20240221,10:42:47,285.05,50,59550
20240221,10:43:09,284.0,100,59550
20240221,10:43:12,284.9,50,59550
20240221,10:44:00,285.4,400,59750
20240221,10:44:16,287.25,250,59750
20240221,10:44:23,287.25,150,59750
20240221,10:44:35,287.95,100,59750
20240221,10:44:43,290.0,350,59750
20240221,10:45:01,289.5,250,59750
20240221,10:45:09,292.3,100,59750
20240221,10:45:34,290.25,150,59750
20240221,10:45:36,291.2,50,59750
20240221,10:45:56,295.0,150,59750
20240221,10:46:03,293.95,100,59750
20240221,10:46:05,295.55,50,59750
20240221,10:46:06,294.05,200,59750
20240221,10:46:07,294.0,50,59750
20240221,10:46:09,293.65,200,59750
20240221,10:46:27,294.05,200,59750
20240221,10:46:33,293.45,100,59750
20240221,10:47:02,293.85,100,59750
20240221,10:47:05,293.5,100,59750
20240221,10:47:06,293.45,100,59750
20240221,10:47:17,294.85,50,59750
20240221,10:47:35,293.25,100,59750
20240221,10:47:40,294.0,100,59750
20240221,10:47:53,294.25,150,59750
20240221,10:48:02,294.0,300,59750
20240221,10:48:05,295.5,100,59750
20240221,10:48:08,294.35,100,59750
20240221,10:48:14,295.45,50,59750
20240221,10:48:31,295.0,1000,59750
20240221,10:48:39,292.2,50,59750
20240221,10:49:00,292.0,50,59750
20240221,10:49:05,291.15,100,59750
20240221,10:49:10,293.2,450,59750
20240221,10:49:22,289.0,50,60150
20240221,10:50:06,290.25,50,60150
20240221,10:50:13,289.0,100,60150
20240221,10:50:14,289.0,50,60150
20240221,10:50:16,289.0,200,60150
20240221,10:50:46,292.4,100,60150
20240221,10:50:52,291.7,100,60150
20240221,10:51:25,293.3,50,60150
20240221,10:51:27,294.55,50,60150
20240221,10:51:58,297.9,50,60150
20240221,10:52:16,297.9,200,60150
20240221,10:52:45,294.0,300,59950
20240221,10:53:01,295.15,50,59950
20240221,10:53:05,296.65,50,59950
20240221,10:53:10,295.9,50,59950
20240221,10:53:29,295.8,50,59950
20240221,10:53:46,295.65,50,59950
20240221,10:54:03,296.95,50,59950
20240221,10:54:56,293.1,150,59950
20240221,10:55:01,292.5,50,59950
20240221,10:55:15,292.95,100,59950
20240221,10:55:22,295.95,250,59950
20240221,10:55:25,294.6,100,59950
20240221,10:55:27,296.0,100,59950
20240221,10:55:49,294.8,200,59950
20240221,10:56:27,292.55,500,59950
20240221,10:58:08,285.8,100,59950
20240221,10:58:31,285.6,200,59500
20240221,10:58:37,286.0,250,59500
20240221,10:58:52,285.65,50,59500
20240221,10:59:06,283.7,300,59500
20240221,10:59:53,282.55,50,59500
20240221,11:00:00,280.75,50,59500
20240221,11:00:03,280.6,250,59500
20240221,11:00:13,283.7,350,59500
20240221,11:00:43,284.4,50,59500
20240221,11:00:56,284.4,500,59500
20240221,11:01:32,278.05,150,59700
20240221,11:01:35,278.0,50,59700
20240221,11:01:42,276.8,200,59700
20240221,11:01:43,276.6,250,59700
20240221,11:01:44,278.4,150,59700
20240221,11:01:51,277.9,50,59700
20240221,11:01:52,278.4,100,59700
20240221,11:02:42,280.25,50,59700
20240221,11:06:28,284.65,700,59650
20240221,11:07:13,286.3,100,59650
20240221,11:07:20,285.85,100,59650
20240221,11:07:52,283.5,100,60200
20240221,11:10:14,279.95,50,60200
20240221,11:10:28,280.1,50,60200
20240221,11:10:42,280.85,100,60200
20240221,11:10:56,280.0,100,60200
20240221,11:11:45,279.85,50,60200
20240221,11:12:17,278.0,50,60200
20240221,11:12:43,276.75,900,60200
20240221,11:13:04,277.15,250,60200
20240221,11:13:25,277.5,100,59750
20240221,11:13:32,278.3,1200,59750
20240221,11:13:37,277.95,500,59750
20240221,11:13:57,277.95,150,59750
20240221,11:15:02,280.0,150,59750
20240221,11:15:14,281.0,100,59750
20240221,11:15:38,282.0,150,59750
20240221,11:15:44,281.35,100,59750
20240221,11:15:45,281.9,200,59750
20240221,11:15:46,282.2,250,59750
20240221,11:15:47,282.4,250,59750
20240221,11:15:48,282.25,200,59750
20240221,11:15:48,282.1,100,59750
20240221,11:15:49,282.2,250,59750
20240221,11:15:51,281.35,250,59750
20240221,11:15:52,281.7,400,59750
20240221,11:15:53,281.55,200,59750
20240221,11:15:54,282.7,300,59750
20240221,11:15:55,281.5,100,59750
20240221,11:15:56,281.5,200,59750
20240221,11:15:57,281.45,200,59750
20240221,11:15:59,281.4,150,59750
20240221,11:16:35,281.4,200,64400
20240221,11:16:36,281.3,100,64400
20240221,11:16:36,281.5,200,64400
20240221,11:16:38,281.55,100,64400
20240221,11:16:40,281.45,150,64400
20240221,11:17:00,282.6,150,64400
20240221,11:17:08,282.9,50,64400
20240221,11:18:47,284.9,50,64400
20240221,11:19:12,283.9,50,64400
20240221,11:19:16,282.35,100,64400
20240221,11:19:18,282.0,200,64400
20240221,11:19:37,280.9,150,65200
20240221,11:20:06,281.25,550,65200
20240221,11:20:09,281.45,50,65200
20240221,11:21:04,279.85,50,65200
20240221,11:22:16,282.0,50,65200
20240221,11:22:29,281.85,50,65200
20240221,11:22:36,283.2,950,65200
20240221,11:22:43,282.75,1900,65200
20240221,11:22:50,282.85,1400,65200
20240221,11:22:56,282.8,1600,65200
20240221,11:23:03,284.25,450,65200
20240221,11:23:10,285.75,100,65200
20240221,11:23:18,286.35,1350,65200
20240221,11:23:26,286.5,1550,65200
20240221,11:23:33,286.35,1150,65200
20240221,11:23:40,287.25,200,65200
20240221,11:23:41,287.65,400,65200
20240221,11:23:43,287.3,250,65200
20240221,11:23:44,286.75,200,65200
20240221,11:23:44,286.75,50,65200
20240221,11:23:45,286.7,200,65200
20240221,11:23:48,287.2,200,65200
20240221,11:23:49,287.3,300,65200
20240221,11:23:49,287.3,50,65200
20240221,11:23:50,287.3,200,65200
20240221,11:23:51,287.25,250,65200
20240221,11:23:52,288.0,250,65200
20240221,11:24:04,287.75,150,65200
20240221,11:24:05,288.0,350,65200
20240221,11:24:05,288.0,50,65200
20240221,11:24:06,287.95,200,65200
20240221,11:24:07,288.0,200,65200
20240221,11:24:13,288.1,150,65200
20240221,11:24:15,288.05,350,65200
20240221,11:24:22,289.5,150,65200
20240221,11:24:59,289.45,150,65200
20240221,11:25:10,290.3,500,65200
20240221,11:25:47,287.45,50,77000
20240221,11:26:02,288.0,200,77000
20240221,11:26:12,290.0,50,77000
20240221,11:26:14,290.0,50,77000
20240221,11:27:29,288.0,100,77000
20240221,11:27:52,289.0,50,77000
20240221,11:27:57,289.0,50,77000
20240221,11:28:22,289.85,50,77000
20240221,11:29:52,285.4,100,77000
20240221,11:30:33,283.95,50,77000
20240221,11:31:40,284.0,50,77000
20240221,11:32:33,285.9,50,77000
20240221,11:34:43,281.9,50,77000
20240221,11:35:08,281.85,100,77000
20240221,11:35:21,281.35,50,77000
20240221,11:36:15,280.0,100,77000
20240221,11:36:28,280.15,50,77000
20240221,11:37:16,276.0,50,77000
20240221,11:38:37,273.95,50,77000
20240221,11:39:03,274.65,50,77000
20240221,11:39:44,276.15,100,77000
20240221,11:39:46,275.1,50,77000
20240221,11:39:48,273.95,400,77000
20240221,11:39:51,274.45,50,77000
20240221,11:40:02,273.0,100,77000
20240221,11:41:16,273.35,50,77050
20240221,11:41:22,269.55,450,77050
20240221,11:41:39,267.0,50,77050
20240221,11:41:47,270.15,50,77050
20240221,11:41:48,270.2,150,77050
20240221,11:41:49,271.15,250,77050
20240221,11:41:50,271.75,400,77050
20240221,11:41:51,271.75,150,77050
20240221,11:41:52,271.9,150,77050
20240221,11:41:53,271.7,50,77050
20240221,11:41:54,271.9,200,77050
20240221,11:41:55,271.9,350,77050
20240221,11:41:56,271.8,150,77050
20240221,11:41:58,271.55,50,77050
20240221,11:41:59,270.85,50,77050
20240221,11:42:00,270.75,100,77050
20240221,11:42:01,270.05,300,77050
20240221,11:42:02,269.6,150,77050
20240221,11:42:03,269.6,50,77050
20240221,11:42:04,268.6,150,77050
20240221,11:42:05,268.85,150,77050
20240221,11:42:06,269.6,200,77050
20240221,11:42:07,269.85,150,77050
20240221,11:42:11,269.65,50,77050
20240221,11:42:12,269.75,50,77050
20240221,11:42:14,270.05,200,77050
20240221,11:42:15,270.2,50,77050
20240221,11:42:16,269.35,50,77050
20240221,11:42:19,269.25,100,77050
20240221,11:42:20,269.5,50,77050
20240221,11:42:21,268.15,100,77050
20240221,11:42:22,268.95,550,77050
20240221,11:42:24,269.35,50,77050
20240221,11:42:27,270.05,50,77050
20240221,11:42:30,270.2,50,77050
20240221,11:42:31,269.8,50,77050
20240221,11:42:32,268.05,50,77050
20240221,11:42:34,269.35,50,77050
20240221,11:42:35,270.05,50,77050
20240221,11:42:36,270.9,50,77050
20240221,11:42:37,270.9,50,77050
20240221,11:42:41,269.5,100,77050
20240221,11:42:42,268.85,50,77050
20240221,11:42:50,270.1,50,77050
20240221,11:43:00,271.6,50,77050
20240221,11:43:02,269.55,50,77050
20240221,11:43:07,270.85,150,77050
20240221,11:43:09,270.85,50,77050
20240221,11:43:11,270.95,50,77050
20240221,11:43:12,269.55,100,77050
20240221,11:43:13,269.5,500,77050
20240221,11:43:18,269.0,50,77050
20240221,11:43:22,268.0,400,77050
20240221,11:43:23,268.35,50,77050
20240221,11:43:25,268.25,150,77050
20240221,11:43:26,268.25,50,77050
20240221,11:43:30,267.4,100,77450
20240221,11:43:34,268.0,50,77450
20240221,11:43:40,268.0,250,77450
20240221,11:43:47,267.85,50,77450
20240221,11:43:51,268.1,50,77450
20240221,11:43:56,268.7,50,77450
20240221,11:43:59,269.1,100,77450
20240221,11:44:00,269.15,150,77450
20240221,11:44:03,268.95,100,77450
20240221,11:44:04,268.95,50,77450
20240221,11:44:05,268.95,100,77450
20240221,11:44:06,268.95,200,77450
20240221,11:44:11,268.7,50,77450
20240221,11:44:14,268.7,400,77450
20240221,11:44:46,270.8,50,77450
20240221,11:44:53,270.75,500,77450
20240221,11:45:57,273.25,50,77450
20240221,11:46:17,268.75,150,77450
20240221,11:47:33,270.0,50,78150
20240221,11:48:55,273.6,50,78150
20240221,11:49:10,274.0,50,78150
20240221,11:49:23,271.65,500,78150
20240221,11:49:38,270.0,50,77800
20240221,11:49:56,269.8,50,77800
20240221,11:51:04,268.8,150,77800
20240221,11:51:24,268.8,50,77800
20240221,11:51:55,269.8,100,77800
20240221,11:52:13,270.0,50,77800
20240221,11:52:56,267.8,100,77950
20240221,11:53:03,267.6,100,77950
20240221,11:53:29,270.4,100,77950
20240221,11:54:18,268.85,50,77950
20240221,11:54:44,267.75,100,77950
20240221,11:55:27,265.0,300,77950
20240221,11:55:34,265.2,50,77800
20240221,11:55:43,263.2,150,77800
20240221,11:55:50,263.2,50,77800
20240221,11:56:31,269.35,50,77800
20240221,11:56:37,268.45,100,77800
20240221,11:57:00,266.1,100,77800
20240221,11:57:33,266.0,50,77800
20240221,11:58:46,268.0,50,77750
20240221,11:59:06,267.75,500,77750
20240221,11:59:32,267.35,50,77750
20240221,11:59:49,266.5,1800,77750
20240221,12:00:13,266.55,50,77750
20240221,12:00:24,266.0,100,77750
20240221,12:00:28,266.65,50,77750
20240221,12:00:47,265.0,50,77750
20240221,12:03:09,266.7,50,77750
20240221,12:03:23,265.3,200,79550
20240221,12:03:30,264.8,50,79550
20240221,12:04:02,267.4,150,79550
20240221,12:05:01,269.0,500,79600
20240221,12:05:15,268.1,50,79600
20240221,12:05:44,271.6,50,79600
20240221,12:05:48,271.6,50,79600
20240221,12:05:50,271.6,50,79600
20240221,12:05:58,270.25,50,79600
20240221,12:05:59,269.6,100,79600
20240221,12:06:04,267.8,100,79600
20240221,12:07:03,267.0,50,79600
20240221,12:07:14,268.25,50,79600
20240221,12:08:36,270.3,100,79600
20240221,12:08:37,269.5,100,79600
20240221,12:08:41,269.5,50,79600
20240221,12:08:43,269.5,100,79600
20240221,12:10:24,270.95,50,79600
20240221,12:10:45,270.9,50,79600
20240221,12:11:32,268.1,50,79600
20240221,12:12:45,268.55,50,79600
20240221,12:15:01,266.0,50,79550
20240221,12:16:54,263.0,550,79550
20240221,12:17:09,262.45,50,79550
20240221,12:17:41,261.0,50,79550
20240221,12:18:08,261.0,100,79550
20240221,12:18:21,263.2,50,79550
20240221,12:18:27,264.1,150,79550
20240221,12:19:11,263.6,100,79550
20240221,12:19:17,263.2,500,79550
20240221,12:19:24,263.3,200,79550
20240221,12:19:30,264.2,900,79550
20240221,12:19:42,263.2,400,79800
20240221,12:19:48,263.45,300,79800
20240221,12:20:08,263.45,50,79800
20240221,12:20:19,263.9,300,79800
20240221,12:20:30,264.25,50,79800
20240221,12:20:38,264.85,300,79800
20240221,12:21:01,263.8,100,79800
20240221,12:21:20,260.85,1000,79800
20240221,12:21:35,260.85,300,79800
20240221,12:21:42,262.5,300,79800
20240221,12:21:48,262.25,150,79800
20240221,12:21:58,262.5,100,79800
20240221,12:22:07,261.25,50,79800
20240221,12:22:08,261.1,50,79800
20240221,12:22:21,261.3,200,79800
20240221,12:22:28,260.0,200,79800
20240221,12:22:32,259.05,50,79800
20240221,12:22:35,259.05,200,79800
20240221,12:22:49,259.35,100,79100
20240221,12:23:13,260.15,50,79100
20240221,12:23:31,262.5,150,79100
20240221,12:23:34,262.6,150,79100
20240221,12:24:03,265.1,100,79100
20240221,12:28:03,262.9,50,79250
20240221,12:28:15,262.8,100,79250
20240221,12:28:22,263.1,100,79250
20240221,12:28:34,263.9,100,79250
20240221,12:28:45,264.0,50,79250
20240221,12:30:28,261.5,50,79250
20240221,12:30:46,262.55,350,79250
20240221,12:33:02,263.75,50,78950
20240221,12:33:33,260.95,50,78950
20240221,12:33:45,260.0,150,78950
20240221,12:34:14,258.0,50,78950
20240221,12:34:56,258.0,300,78950
20240221,12:35:10,257.15,50,78950
20240221,12:35:23,257.15,300,78950
20240221,12:35:37,256.55,950,78950
20240221,12:35:42,256.55,150,78950
20240221,12:35:51,256.55,50,78950
20240221,12:36:05,256.2,50,78950
20240221,12:36:10,255.7,50,78950
20240221,12:36:26,255.7,150,78950
20240221,12:36:51,255.0,100,78950
20240221,12:37:02,255.0,50,78950
20240221,12:37:51,256.0,1200,80050
20240221,12:38:25,258.9,50,80050
20240221,12:39:05,259.4,50,80050
20240221,12:39:23,259.25,50,80050
20240221,12:39:24,259.55,50,80050
20240221,12:39:32,259.4,150,80050
20240221,12:39:48,261.0,50,80050
20240221,12:39:51,260.95,50,80050
20240221,12:40:02,260.0,400,80050
20240221,12:40:07,260.4,200,80050
20240221,12:40:08,261.55,50,80050
20240221,12:40:26,260.0,1400,80050
20240221,12:40:33,258.9,150,80050
20240221,12:42:41,258.85,100,80000
20240221,12:43:31,262.5,250,80000
20240221,12:43:53,261.85,50,80000
20240221,12:43:59,263.9,100,80000
20240221,12:44:08,264.25,50,80000
20240221,12:45:07,264.15,200,80000
20240221,12:45:43,266.0,50,80000
20240221,12:46:19,264.6,150,80000
20240221,12:46:29,264.6,100,80000
20240221,12:47:14,262.0,50,80050
20240221,12:48:13,260.0,150,80050
20240221,12:49:10,259.0,300,80050
20240221,12:50:12,256.7,50,80050
20240221,12:50:13,255.5,100,80050
20240221,12:50:38,255.7,300,80050
20240221,12:50:43,255.5,250,80050
20240221,12:51:27,257.65,50,80050
20240221,12:52:27,257.0,50,80050
20240221,12:52:34,257.0,200,80050
20240221,12:53:11,253.95,100,80000
20240221,12:53:48,252.9,50,80000
20240221,12:54:04,252.0,50,80000
20240221,12:54:19,252.0,100,80000
20240221,12:54:20,251.3,100,80000
20240221,12:54:32,251.0,100,80000
20240221,12:54:33,250.0,100,80000
20240221,12:54:42,249.2,50,80000
20240221,12:54:44,249.2,50,80000
20240221,12:55:04,250.15,100,80000
20240221,12:56:14,250.0,250,79950
20240221,12:57:36,250.8,50,79950
20240221,12:57:58,248.4,150,79950
20240221,12:58:34,250.35,50,79950
20240221,12:59:26,252.3,150,80050
20240221,12:59:29,252.6,50,80050
20240221,12:59:36,252.7,150,80050
20240221,12:59:41,252.8,100,80050
20240221,12:59:47,252.85,50,80050
20240221,12:59:54,252.15,150,80050
20240221,13:00:06,252.0,50,80050
20240221,13:00:30,253.0,150,80050
20240221,13:01:01,252.2,150,80050
20240221,13:01:14,250.0,50,80050
20240221,13:01:20,249.65,150,80050
20240221,13:02:01,249.55,250,80050
20240221,13:02:06,249.5,100,80050
20240221,13:02:10,249.6,50,80050
20240221,13:02:17,250.9,50,80050
20240221,13:02:34,252.1,50,80050
20240221,13:02:40,252.1,50,80050
20240221,13:02:52,251.0,50,80050
20240221,13:05:20,254.6,350,80250
20240221,13:05:45,254.6,200,80250
20240221,13:06:03,254.0,300,80250
20240221,13:06:10,253.65,300,80250
20240221,13:06:28,255.0,50,80250
20240221,13:06:41,255.0,50,80250
20240221,13:07:27,255.8,50,80250
20240221,13:07:39,255.8,100,80250
20240221,13:07:45,256.3,50,80650
20240221,13:07:57,256.9,100,80650
20240221,13:08:04,258.65,50,80650
20240221,13:09:00,258.65,200,80650
20240221,13:09:31,260.0,50,80650
20240221,13:09:45,260.8,150,80650
20240221,13:09:52,258.9,100,80650
20240221,13:10:04,258.65,750,80650
20240221,13:10:11,258.65,1650,80650
20240221,13:10:30,257.45,50,80650
20240221,13:10:36,258.8,350,80650
20240221,13:11:00,259.2,500,80650
20240221,13:11:24,259.2,100,80300
20240221,13:11:41,260.7,200,80300
20240221,13:12:24,259.05,150,80300
20240221,13:12:43,257.75,200,80300
20240221,13:12:52,257.75,150,80300
20240221,13:14:01,258.8,150,79850
20240221,13:14:24,257.75,100,79850
20240221,13:14:44,257.35,200,79850
20240221,13:15:00,258.8,150,79850
20240221,13:17:27,257.0,50,79850
20240221,13:18:26,257.4,500,79850
20240221,13:21:15,258.35,50,80000
20240221,13:21:30,260.0,200,80000
20240221,13:21:56,258.25,750,80000
20240221,13:21:57,258.2,200,80000
20240221,13:22:00,258.4,950,80000
20240221,13:22:03,258.35,550,80000
20240221,13:22:04,258.55,100,80000
20240221,13:22:13,259.35,250,80000
20240221,13:22:15,259.9,250,80000
20240221,13:22:17,260.55,200,80000
20240221,13:22:19,260.3,50,80000
20240221,13:22:24,259.85,250,80000
20240221,13:22:25,259.7,100,80000
20240221,13:22:27,258.7,50,80000
20240221,13:22:34,258.05,50,80000
20240221,13:22:42,257.05,50,80000
20240221,13:22:44,256.95,200,80000
20240221,13:22:45,256.95,50,83050
20240221,13:22:46,257.15,300,83050
20240221,13:22:47,257.05,100,83050
20240221,13:22:49,256.8,250,83050
20240221,13:22:50,256.75,200,83050
20240221,13:22:51,257.9,550,83050
20240221,13:22:52,257.95,200,83050
20240221,13:22:52,257.45,50,83050
20240221,13:22:54,257.4,200,83050
20240221,13:22:55,257.4,50,83050
20240221,13:22:57,257.55,100,83050
20240221,13:23:01,258.1,50,83050
20240221,13:23:08,258.0,100,83050
20240221,13:23:08,258.1,100,83050
20240221,13:23:17,259.1,100,83050
20240221,13:23:38,259.95,50,83050
20240221,13:24:28,260.15,50,83050
20240221,13:25:04,259.75,50,83050
20240221,13:25:21,259.4,50,83050
20240221,13:25:33,261.95,100,83050
20240221,13:26:04,262.55,250,85700
20240221,13:26:19,263.8,200,85700
20240221,13:26:45,262.6,300,85700
20240221,13:27:04,262.0,50,85700
20240221,13:28:21,264.0,50,85700
20240221,13:29:30,265.6,300,85700
20240221,13:29:37,265.2,1000,85700
20240221,13:29:45,265.4,400,85700
20240221,13:29:57,265.15,1100,85700
20240221,13:30:02,267.3,1000,85700
20240221,13:30:08,266.8,50,85700
20240221,13:30:15,267.3,50,85700
20240221,13:30:19,266.6,50,85700
20240221,13:30:20,266.5,50,85700
20240221,13:30:21,266.65,100,85700
20240221,13:30:34,267.0,50,85700
20240221,13:30:35,266.9,50,85700
20240221,13:30:36,267.4,100,85700
20240221,13:30:36,266.95,100,85700
20240221,13:30:37,267.95,450,85700
20240221,13:30:39,266.85,200,85700
20240221,13:30:40,266.7,250,85700
20240221,13:30:41,266.65,250,85700
20240221,13:30:42,266.8,150,85700
20240221,13:30:45,266.9,50,85700
20240221,13:30:49,267.3,600,85700
20240221,13:31:13,265.0,50,85700
20240221,13:31:14,265.05,100,85700
20240221,13:31:34,266.0,50,85700
20240221,13:31:49,265.75,50,89900
20240221,13:31:59,265.0,100,89900
20240221,13:32:00,264.95,1000,89900
20240221,13:32:13,263.95,1000,89900
20240221,13:32:21,263.9,1000,89900
20240221,13:32:34,265.55,1000,89900
20240221,13:33:20,264.35,1000,89900
20240221,13:33:23,264.0,100,89900
20240221,13:33:34,263.9,1000,89900
20240221,13:34:19,262.55,50,89900
20240221,13:35:36,255.9,50,93450
20240221,13:35:43,255.0,100,93450
20240221,13:35:45,255.0,100,93450
20240221,13:36:00,255.65,150,93450
20240221,13:36:09,255.35,50,93450
20240221,13:37:14,255.3,200,93450
20240221,13:37:25,254.0,50,93450
20240221,13:37:57,254.0,50,93300
20240221,13:38:10,255.45,50,93300
20240221,13:38:14,254.75,50,93300
20240221,13:38:36,256.15,1000,93300
20240221,13:38:52,253.55,50,93300
20240221,13:39:37,250.8,150,93300
20240221,13:39:43,251.0,100,93300
20240221,13:39:58,250.95,1000,93300
20240221,13:40:05,249.6,250,93300
20240221,13:40:10,249.9,1450,93300
20240221,13:40:24,250.2,1000,93300
20240221,13:40:30,248.45,200,93300
20240221,13:42:29,252.95,50,95450
20240221,13:43:02,250.9,450,95450
20240221,13:43:06,250.8,150,95450
20240221,13:43:44,254.05,150,95450
20240221,13:45:49,260.85,50,95300
20240221,13:46:02,258.7,400,95300
20240221,13:46:11,259.95,600,95300
20240221,13:46:16,259.35,200,95300
20240221,13:46:29,261.75,50,95300
20240221,13:46:40,261.85,50,95300
20240221,13:47:20,262.65,250,95450
20240221,13:47:21,262.55,250,95450
20240221,13:47:22,262.9,300,95450
20240221,13:47:23,264.9,200,95450
20240221,13:47:30,264.25,200,95450
20240221,13:47:31,264.25,400,95450
20240221,13:47:32,264.3,300,95450
20240221,13:47:33,264.15,200,95450
20240221,13:47:34,264.7,900,95450
20240221,13:47:35,265.1,450,95450
20240221,13:47:37,265.1,100,95450
20240221,13:47:38,264.9,350,95450
20240221,13:47:39,264.7,150,95450
20240221,13:47:40,264.8,400,95450
20240221,13:47:41,264.7,200,95450
20240221,13:47:42,265.2,350,95450
20240221,13:47:43,267.5,600,95450
20240221,13:47:53,266.65,400,95450
20240221,13:47:54,268.15,300,95450
20240221,13:47:55,267.7,600,95450
20240221,13:47:56,267.85,200,95450
20240221,13:47:57,267.4,600,95450
20240221,13:47:58,267.15,50,95450
20240221,13:47:59,267.6,300,95450
20240221,13:48:00,268.15,400,95450
20240221,13:48:01,268.1,150,95450
20240221,13:48:02,268.05,350,95450
20240221,13:48:03,269.35,200,95450
20240221,13:48:05,271.65,100,95450
20240221,13:48:07,269.55,50,95450
20240221,13:48:10,269.55,250,95450
20240221,13:48:11,270.3,600,95450
20240221,13:48:12,270.3,200,95450
20240221,13:48:13,270.4,200,95450
20240221,13:48:14,269.5,100,95450
20240221,13:48:15,269.7,200,95450
20240221,13:48:16,269.75,150,95450
20240221,13:48:17,270.95,600,95450
20240221,13:48:20,272.7,200,95450
20240221,13:48:25,273.0,400,95450
20240221,13:48:31,274.4,50,95450
20240221,13:48:34,275.0,1750,95450
20240221,13:48:35,275.0,100,95450
20240221,13:48:41,275.0,200,95450
20240221,13:48:42,274.75,50,95450
20240221,13:48:44,275.25,100,95450
20240221,13:48:45,274.55,200,95450
20240221,13:48:46,274.55,250,95450
20240221,13:48:47,274.55,200,95450
20240221,13:48:48,274.0,350,95450
20240221,13:48:52,273.75,50,95450
20240221,13:48:54,273.65,50,95450
20240221,13:49:03,275.1,250,95450
20240221,13:49:04,274.45,300,95450
20240221,13:49:05,274.7,450,95450
20240221,13:49:06,275.35,550,95450
20240221,13:49:07,275.25,200,95450
20240221,13:49:08,274.6,200,95450
20240221,13:49:09,275.15,200,95450
20240221,13:49:10,275.3,200,95450
20240221,13:49:11,275.25,250,95450
20240221,13:49:12,274.7,350,95450
20240221,13:49:13,274.25,200,95450
20240221,13:49:14,274.65,600,95450
20240221,13:49:15,275.05,200,95450
20240221,13:49:16,276.45,400,95450
20240221,13:49:17,275.05,400,95450
20240221,13:49:18,275.7,300,95450
20240221,13:49:19,275.75,200,95450
20240221,13:49:20,275.75,200,95450
20240221,13:49:21,277.75,600,95450
20240221,13:49:22,278.0,850,95450
20240221,13:49:23,277.5,300,95450
20240221,13:49:30,280.0,350,95450
20240221,13:49:32,281.25,150,95450
20240221,13:49:35,280.15,100,95450
20240221,13:49:40,281.5,50,95450
20240221,13:49:44,280.5,50,95450
20240221,13:49:46,280.5,200,95450
20240221,13:49:47,279.8,50,95450
20240221,13:49:52,278.45,100,107500
20240221,13:49:55,279.75,150,107500
20240221,13:49:57,279.9,150,107500
20240221,13:49:58,278.6,200,107500
20240221,13:50:01,278.75,300,107500
20240221,13:50:12,277.1,150,107500
20240221,13:50:13,277.1,550,107500
20240221,13:50:20,276.1,250,107500
20240221,13:50:32,274.6,100,107500
20240221,13:51:01,275.0,200,107500
20240221,13:51:15,275.0,200,107500
20240221,13:52:03,274.65,100,107500
20240221,13:52:06,275.05,100,107500
20240221,13:52:14,276.45,50,107500
20240221,13:52:56,269.9,500,107500
20240221,13:53:53,271.0,50,107500
20240221,13:54:01,271.6,50,107500
20240221,13:54:04,273.5,100,107500
20240221,13:54:05,273.5,400,107500
20240221,13:54:06,274.9,200,107500
20240221,13:54:14,276.2,150,107500
20240221,13:54:18,276.2,100,107500
20240221,13:54:31,278.25,200,107500
20240221,13:54:43,278.25,50,107500
20240221,13:54:48,280.0,50,107500
20240221,13:54:59,282.7,200,107500
20240221,13:55:03,284.0,400,107500
20240221,13:55:21,285.5,50,107500
20240221,13:55:33,287.95,100,107500
20240221,13:55:34,288.7,550,107500
20240221,13:55:50,286.7,100,107500
20240221,13:55:54,287.25,150,107850
20240221,13:56:02,287.9,50,107850
20240221,13:56:08,287.0,100,107850
20240221,13:56:12,285.05,200,107850
20240221,13:56:18,285.05,150,107850
20240221,13:56:21,285.8,150,107850
20240221,13:56:34,284.25,800,107850
20240221,13:57:10,281.75,850,107850
20240221,13:57:20,280.6,200,107850
20240221,13:57:23,279.15,600,107850
20240221,13:57:59,277.2,150,107850
20240221,13:58:46,279.4,50,107850
20240221,13:59:06,278.1,50,108100
20240221,14:01:15,287.0,250,108100
20240221,14:01:33,290.0,50,108100
20240221,14:01:57,292.15,200,108100
20240221,14:01:58,291.2,100,108100
20240221,14:02:00,294.25,150,108100
20240221,14:02:08,295.0,150,108100
20240221,14:02:10,295.7,50,108100
20240221,14:02:13,296.25,50,108100
20240221,14:02:17,294.8,250,108100
20240221,14:02:19,296.55,50,108100
20240221,14:02:20,295.55,50,108100
20240221,14:02:26,293.4,100,108100
20240221,14:02:28,294.95,200,108100
20240221,14:02:29,295.0,50,108100
20240221,14:02:30,295.45,50,108100
20240221,14:02:31,296.25,500,108100
20240221,14:02:36,298.5,100,108100
20240221,14:02:37,298.5,200,108100
20240221,14:02:49,299.95,200,108100
20240221,14:02:50,301.5,600,108100
20240221,14:02:52,301.5,50,108100
20240221,14:02:53,302.05,50,108100
20240221,14:02:58,302.05,100,108100
20240221,14:03:02,305.0,350,108100
20240221,14:03:05,305.0,200,108100
20240221,14:03:07,303.9,50,108100
20240221,14:03:12,306.95,500,108100
20240221,14:03:17,306.95,50,108100
20240221,14:03:22,305.5,100,108100
20240221,14:03:25,307.0,50,108100
20240221,14:03:30,307.0,200,108100
20240221,14:03:36,300.05,100,108100
20240221,14:03:44,300.9,50,108100
20240221,14:03:46,300.4,50,108100
20240221,14:03:48,299.7,50,108100
20240221,14:03:49,296.3,150,108100
20240221,14:03:58,298.7,250,108100
20240221,14:04:02,294.8,700,108100
20240221,14:04:06,293.4,650,108100
20240221,14:04:08,294.8,300,108100
20240221,14:04:13,293.2,50,108100
20240221,14:04:14,291.8,200,108100
20240221,14:04:17,291.9,200,108100
20240221,14:04:29,288.05,200,108100
20240221,14:04:30,287.25,350,108100
20240221,14:05:12,285.55,50,107000
20240221,14:05:19,284.05,300,107000
20240221,14:05:22,284.9,50,107000
20240221,14:05:28,290.1,50,107000
20240221,14:05:35,290.45,50,107000
20240221,14:06:39,285.5,100,107000
20240221,14:06:55,287.0,50,107000
20240221,14:07:49,288.8,50,107000
20240221,14:07:51,289.0,100,107000
20240221,14:07:56,291.25,50,107200
20240221,14:07:59,292.0,50,107200
20240221,14:08:15,292.25,600,107200
20240221,14:08:41,292.25,50,107200
20240221,14:08:47,294.6,50,107200
20240221,14:08:57,294.15,50,107200
20240221,14:09:02,295.5,200,107200
20240221,14:09:23,296.0,50,107200
20240221,14:09:36,296.45,50,107200
20240221,14:09:41,296.0,50,107200
20240221,14:10:02,293.25,50,107200
20240221,14:10:21,288.7,100,107200
20240221,14:10:26,287.45,100,107200
20240221,14:10:28,287.85,50,107200
20240221,14:10:50,287.4,200,107200
20240221,14:11:02,293.95,50,107250
20240221,14:11:05,294.55,50,107250
20240221,14:11:12,295.5,50,107250
20240221,14:11:13,295.5,250,107250
20240221,14:11:14,295.55,200,107250
20240221,14:11:16,296.1,250,107250
20240221,14:11:16,296.1,100,107250
20240221,14:11:17,296.1,250,107250
20240221,14:11:18,296.3,200,107250
20240221,14:11:19,296.2,250,107250
20240221,14:11:21,296.1,200,107250
20240221,14:11:21,296.0,200,107250
20240221,14:11:22,295.55,300,107250
20240221,14:11:23,295.7,100,107250
20240221,14:11:31,299.45,100,107250
20240221,14:11:45,298.1,500,107250
20240221,14:11:55,298.5,550,107250
20240221,14:12:02,300.0,500,107250
20240221,14:12:29,301.55,100,107250
20240221,14:12:32,301.6,100,107250
20240221,14:12:35,302.0,100,107250
20240221,14:12:46,303.0,100,107250
20240221,14:12:49,304.0,100,107250
20240221,14:12:55,305.6,150,107250
20240221,14:12:59,307.0,300,107250
20240221,14:13:00,307.6,250,107250
20240221,14:13:01,306.5,100,107250
20240221,14:13:02,306.85,250,107250
20240221,14:13:03,306.4,250,107250
20240221,14:13:07,306.4,100,107250
20240221,14:13:08,307.1,200,107250
20240221,14:13:10,308.0,400,107250
20240221,14:13:10,306.55,50,107250
20240221,14:13:11,308.75,450,107250
20240221,14:13:12,307.05,450,107250
20240221,14:13:13,306.5,200,107250
20240221,14:13:17,306.4,150,107250
20240221,14:13:18,305.7,150,107250
20240221,14:13:19,307.2,200,107250
20240221,14:13:20,306.05,150,107250
20240221,14:13:22,306.1,100,107250
20240221,14:13:23,307.05,50,107250
20240221,14:13:24,308.6,600,107250
20240221,14:13:25,308.5,100,107250
20240221,14:13:26,307.3,300,107250
20240221,14:13:39,306.7,50,107250
20240221,14:13:39,305.3,100,107250
20240221,14:13:43,303.4,400,107250
20240221,14:13:44,303.8,50,107250
20240221,14:13:46,301.7,50,107250
20240221,14:13:48,301.4,50,107250
20240221,14:13:53,301.45,100,107250
20240221,14:13:55,303.95,350,110400
20240221,14:13:58,301.95,50,110400
20240221,14:14:05,302.6,50,110400
20240221,14:14:09,302.9,50,110400
20240221,14:14:10,302.6,50,110400
20240221,14:14:19,304.4,50,110400
20240221,14:14:22,303.0,50,110400
20240221,14:14:41,302.5,50,110400
20240221,14:14:42,302.7,50,110400
20240221,14:14:46,302.05,50,110400
20240221,14:14:48,304.0,50,110400
20240221,14:15:00,304.0,100,110400
20240221,14:15:08,306.4,50,110400
20240221,14:15:22,306.0,50,110400
20240221,14:15:36,307.25,50,110400
20240221,14:16:06,306.95,50,110400
20240221,14:16:07,305.05,50,110400
20240221,14:16:09,304.75,50,110400
20240221,14:16:28,302.25,50,110400
20240221,14:16:37,303.8,100,110400
20240221,14:16:50,299.6,50,110400
20240221,14:17:02,301.4,100,109950
20240221,14:17:03,302.3,100,109950
20240221,14:17:05,302.3,100,109950
20240221,14:17:21,299.7,700,109950
20240221,14:17:28,299.05,200,109950
20240221,14:17:34,296.4,150,109950
20240221,14:17:51,296.2,150,109950
20240221,14:18:19,293.6,50,109950
20240221,14:18:46,296.4,50,109950
20240221,14:18:57,297.15,150,109950
20240221,14:19:05,293.6,100,109950
20240221,14:19:07,293.6,100,109950
20240221,14:19:17,292.55,1000,109950
20240221,14:19:57,291.9,200,111100
20240221,14:20:19,293.45,200,111100
20240221,14:20:39,297.55,50,111100
20240221,14:20:40,296.2,50,111100
20240221,14:20:53,297.55,50,111100
20240221,14:20:56,296.15,400,111100
20240221,14:21:06,296.0,250,111100
20240221,14:21:10,296.0,200,111100
20240221,14:21:11,296.0,50,111100
20240221,14:21:18,295.45,950,111100
20240221,14:21:22,296.8,100,111100
20240221,14:21:27,295.7,50,111100
20240221,14:21:31,294.75,200,111100
20240221,14:21:33,294.75,150,111100
20240221,14:21:35,294.75,300,111100
20240221,14:21:36,295.0,500,111100
20240221,14:21:38,294.95,100,111100
20240221,14:21:39,295.0,50,111100
20240221,14:21:41,295.0,100,111100
20240221,14:21:42,295.0,300,111100
20240221,14:21:44,294.95,50,111100
20240221,14:21:46,295.7,1400,111100
20240221,14:21:47,297.0,100,111100
20240221,14:21:48,297.0,100,111100
20240221,14:21:49,297.0,600,111100
20240221,14:21:50,297.0,600,111100
20240221,14:21:51,297.0,400,111100
20240221,14:21:52,298.5,50,111100
20240221,14:21:53,298.65,50,111100
20240221,14:22:17,301.65,50,111100
20240221,14:22:33,305.45,50,111100
20240221,14:22:45,305.75,300,111100
20240221,14:22:46,306.5,150,111100
20240221,14:22:47,306.25,150,111100
20240221,14:22:48,306.4,250,111100
20240221,14:22:49,305.75,250,111100
20240221,14:22:51,305.2,50,111100
20240221,14:22:52,305.35,200,111100
20240221,14:22:52,305.55,50,111100
20240221,14:22:53,305.6,200,111100
20240221,14:22:55,305.0,100,118250
20240221,14:23:00,304.6,50,118250
20240221,14:23:01,307.15,200,118250
20240221,14:23:02,305.1,350,118250
20240221,14:23:03,306.05,150,118250
20240221,14:23:04,306.0,50,118250
20240221,14:23:05,305.4,200,118250
20240221,14:23:11,308.0,100,118250
20240221,14:23:13,309.55,500,118250
20240221,14:23:15,311.1,250,118250
20240221,14:23:19,312.5,250,118250
20240221,14:23:30,314.2,50,118250
20240221,14:23:31,314.35,200,118250
20240221,14:23:32,315.0,550,118250
20240221,14:23:33,316.0,50,118250
20240221,14:23:37,316.45,100,118250
20240221,14:23:37,316.45,150,118250
20240221,14:23:38,316.4,150,118250
20240221,14:23:39,316.9,200,118250
20240221,14:23:40,316.4,200,118250
20240221,14:23:41,316.4,200,118250
20240221,14:23:42,316.4,200,118250
20240221,14:23:43,316.1,200,118250
20240221,14:23:44,316.65,200,118250
20240221,14:23:45,316.95,250,118250
20240221,14:23:46,319.15,300,118250
20240221,14:23:47,318.75,250,118250
20240221,14:23:48,320.75,300,118250
20240221,14:23:49,320.75,50,118250
20240221,14:23:51,320.3,100,118250
20240221,14:23:54,322.05,200,118250
20240221,14:24:02,327.2,150,118250
20240221,14:24:03,327.2,50,118250
20240221,14:24:04,328.95,100,118250
20240221,14:24:05,329.0,150,118250
20240221,14:24:06,329.9,400,118250
20240221,14:24:07,330.7,350,118250
20240221,14:24:08,328.15,250,118250
20240221,14:24:09,331.05,650,118250
20240221,14:24:10,329.0,200,118250
20240221,14:24:11,331.15,1200,118250
20240221,14:24:12,331.15,200,118250
20240221,14:24:13,328.85,200,118250
20240221,14:24:14,329.0,250,118250
20240221,14:24:15,326.75,200,118250
20240221,14:24:18,325.5,200,118250
20240221,14:24:21,325.5,200,118250
20240221,14:24:27,321.45,200,118250
20240221,14:24:29,323.8,200,118250
20240221,14:24:32,324.3,500,118250
20240221,14:24:37,327.2,50,118250
20240221,14:24:42,327.1,100,118250
20240221,14:24:43,328.1,150,118250
20240221,14:24:48,329.9,50,118250
20240221,14:24:52,328.0,350,118250
20240221,14:24:55,329.55,50,118250
20240221,14:25:01,329.8,50,118250
20240221,14:25:08,328.1,100,118250
20240221,14:25:20,322.5,150,118250
20240221,14:25:21,325.5,200,118250
20240221,14:25:22,328.15,100,118250
20240221,14:25:25,327.75,50,118250
20240221,14:25:31,335.0,1000,118250
20240221,14:25:32,336.55,50,118250
20240221,14:25:38,338.25,300,118250
20240221,14:25:40,338.25,50,118250
20240221,14:25:41,339.15,50,118250
20240221,14:25:45,340.15,150,118250
20240221,14:25:46,340.15,100,118250
20240221,14:25:47,340.5,250,118250
20240221,14:25:48,340.75,150,118250
20240221,14:25:49,340.75,200,118250
20240221,14:25:50,338.75,150,118250
20240221,14:25:51,338.4,200,118250
20240221,14:25:52,338.4,200,118250
20240221,14:25:53,338.95,350,118250
20240221,14:25:54,338.15,150,118250
20240221,14:25:56,337.6,200,118250
20240221,14:26:00,334.0,50,127000
20240221,14:26:02,334.35,200,127000
20240221,14:26:09,337.55,150,127000
20240221,14:26:10,336.5,200,127000
20240221,14:26:11,339.95,1100,127000
20240221,14:26:15,335.9,100,127000
20240221,14:26:17,333.25,50,127000
20240221,14:26:19,334.95,50,127000
20240221,14:26:25,332.9,50,127000
20240221,14:26:52,337.95,350,127000
20240221,14:27:23,330.6,250,127000
20240221,14:27:42,334.1,200,127000
20240221,14:28:00,329.95,200,127000
20240221,14:28:02,330.9,200,127000
20240221,14:28:06,326.5,1000,127000
20240221,14:28:16,327.15,200,127000
20240221,14:28:25,326.55,50,127000
20240221,14:28:42,326.05,150,127000
20240221,14:28:44,325.6,350,127000
20240221,14:29:00,321.65,50,127000
20240221,14:29:18,325.5,200,126150
20240221,14:29:40,324.35,200,126150
20240221,14:30:46,340.0,200,126150
20240221,14:30:47,339.35,150,126150
20240221,14:30:48,339.4,200,126150
20240221,14:30:50,339.3,200,126150
20240221,14:30:51,339.15,50,126150
20240221,14:30:56,339.1,50,126150
20240221,14:31:02,339.35,400,126150
20240221,14:31:12,336.55,150,126150
20240221,14:31:23,330.7,100,126150
20240221,14:31:53,322.95,100,126150
20240221,14:32:32,330.65,100,127200
20240221,14:32:48,329.8,150,127200
20240221,14:33:04,325.9,100,127200
20240221,14:33:09,328.55,100,127200
20240221,14:33:27,329.2,250,127200
20240221,14:33:36,327.6,50,127200
20240221,14:33:53,325.6,100,127200
20240221,14:34:11,325.95,100,127200
20240221,14:34:25,328.9,100,127200
20240221,14:35:44,338.6,250,127050
20240221,14:35:45,338.8,200,127050
20240221,14:35:53,338.0,100,127050
20240221,14:35:59,337.7,700,127050
20240221,14:36:12,338.35,200,127050
20240221,14:36:13,338.45,200,127050
20240221,14:36:14,336.7,50,127050
20240221,14:36:42,335.65,50,127050
20240221,14:36:42,338.05,50,127050
20240221,14:36:56,339.1,50,127050
20240221,14:37:00,338.45,200,127050
20240221,14:37:01,338.3,300,127050
20240221,14:37:02,338.35,200,127050
20240221,14:37:03,338.65,200,127050
20240221,14:37:09,338.9,200,127050
20240221,14:37:11,338.65,100,127050
20240221,14:37:13,338.6,100,127050
20240221,14:37:14,338.65,150,127050
20240221,14:37:15,338.65,50,127050
20240221,14:37:46,332.35,50,127050
20240221,14:37:48,333.75,100,127050
20240221,14:38:19,329.1,100,129300
20240221,14:38:26,328.25,1800,129300
20240221,14:38:26,329.85,100,129300
20240221,14:38:30,330.95,500,129300
20240221,14:38:35,331.05,100,129300
20240221,14:38:36,330.55,100,129300
20240221,14:39:11,336.6,150,129300
20240221,14:39:15,338.4,150,129300
20240221,14:39:16,339.05,150,129300
20240221,14:39:17,341.5,50,129300
20240221,14:39:18,344.65,600,129300
20240221,14:39:19,346.25,850,129300
20240221,14:39:30,346.25,200,129300
20240221,14:39:41,349.9,400,129300
20240221,14:39:42,349.9,300,129300
20240221,14:39:53,351.85,1000,129300
20240221,14:39:58,351.85,50,129300
20240221,14:40:03,352.9,700,129300
20240221,14:40:05,353.4,250,129300
20240221,14:40:08,355.0,1100,129300
20240221,14:40:10,357.7,200,129300
20240221,14:40:11,358.2,50,129300
20240221,14:40:24,359.35,50,129300
20240221,14:40:28,360.0,500,129300
20240221,14:40:38,362.15,50,129300
20240221,14:40:39,362.15,100,129300
20240221,14:40:41,363.75,700,129300
20240221,14:40:43,363.75,50,129300
20240221,14:40:45,364.45,50,129300
20240221,14:40:46,364.45,50,129300
20240221,14:40:49,362.45,450,129300
20240221,14:40:50,361.0,50,129300
20240221,14:40:55,355.85,50,129300
20240221,14:40:57,356.25,100,129300
20240221,14:40:58,358.4,450,128300
20240221,14:41:03,359.3,50,128300
20240221,14:41:25,357.55,50,128300
20240221,14:41:28,359.1,150,128300
20240221,14:41:29,356.4,650,128300
20240221,14:41:57,344.85,100,128300
20240221,14:42:02,346.5,150,128300
20240221,14:42:59,360.0,1000,128300
20240221,14:43:30,357.5,50,128300
20240221,14:45:12,353.7,150,128150
20240221,14:45:43,358.0,100,128150
20240221,14:45:56,361.8,50,128150
20240221,14:46:22,364.0,200,128150
20240221,14:46:33,365.75,50,128150
20240221,14:46:34,365.75,50,128150
20240221,14:46:44,362.9,50,128150
20240221,14:46:48,366.2,50,128150
20240221,14:47:00,366.2,50,128150
20240221,14:47:14,364.9,100,128200
20240221,14:47:23,365.55,50,128200
20240221,14:47:55,357.3,50,128200
20240221,14:47:58,359.95,100,128200
20240221,14:48:18,352.95,50,128200
20240221,14:48:20,354.65,50,128200
20240221,14:48:29,352.85,50,128200
20240221,14:48:33,355.45,50,128200
20240221,14:48:34,355.2,50,128200
20240221,14:50:14,356.4,50,128150
20240221,14:50:23,354.0,250,128150
20240221,14:50:26,352.8,50,128150
20240221,14:50:41,352.75,50,128150
20240221,14:51:27,351.9,50,128150
20240221,14:51:31,351.9,100,128150
20240221,14:51:44,352.75,50,128150
20240221,14:52:18,349.2,150,128150
20240221,14:52:41,346.8,100,128150
20240221,14:52:46,347.5,100,128150
20240221,14:52:56,348.45,200,128150
20240221,14:53:05,347.6,200,127900
20240221,14:53:16,347.35,300,127900
20240221,14:53:29,351.0,150,127900
20240221,14:53:31,350.2,100,127900
20240221,14:53:51,357.85,50,127900
20240221,14:53:57,359.35,200,127900
20240221,14:54:03,362.5,1000,127900
20240221,14:54:05,359.35,200,127900
20240221,14:54:14,362.4,50,127900
20240221,14:54:23,361.2,100,127900
20240221,14:54:31,360.1,50,127900
20240221,14:54:54,356.8,550,127900
20240221,14:56:03,365.0,1300,127650
20240221,14:56:07,365.65,50,127650
20240221,14:56:12,370.0,50,127650
20240221,14:56:13,370.0,50,127650
20240221,14:56:21,370.0,50,127650
20240221,14:56:28,373.25,50,127650
20240221,14:56:29,375.2,50,127650
20240221,14:56:39,375.65,50,127650
20240221,14:56:44,375.65,100,127650
20240221,14:56:58,367.55,50,127650
20240221,14:58:09,368.1,250,127650
20240221,14:58:13,368.85,100,127650
20240221,14:58:45,363.85,150,127650
20240221,14:58:49,363.15,700,127650
20240221,14:58:54,360.15,50,127650
20240221,14:59:49,362.0,50,127550
20240221,14:59:55,360.15,1000,127550
20240221,15:00:20,354.6,150,127550
20240221,15:00:26,352.65,850,127550
20240221,15:00:53,354.0,200,127550
20240221,15:01:26,359.85,50,127550
20240221,15:02:16,357.55,50,127550
20240221,15:03:49,363.45,300,127750
20240221,15:03:52,360.5,50,127750
20240221,15:03:58,360.85,50,127750
20240221,15:04:02,360.2,50,127750
20240221,15:04:04,360.8,50,127750
20240221,15:04:08,359.35,50,127750
20240221,15:04:13,359.7,150,127750
20240221,15:04:47,358.5,50,127750
20240221,15:05:20,352.65,100,127750
20240221,15:05:23,355.5,200,127900
20240221,15:05:35,351.95,650,127900
20240221,15:05:37,351.0,250,127900
20240221,15:06:08,347.2,50,127900
20240221,15:06:18,349.05,50,127900
20240221,15:06:22,347.4,150,127900
20240221,15:06:29,343.9,50,127900
20240221,15:06:44,338.65,50,127900
20240221,15:07:07,340.8,200,127900
20240221,15:07:12,339.95,50,127900
20240221,15:08:25,340.15,50,127150
20240221,15:08:27,339.2,150,127150
20240221,15:08:44,337.45,150,127150
20240221,15:09:10,333.65,50,127150
20240221,15:09:11,334.8,50,127150
20240221,15:09:12,332.4,50,127150
20240221,15:09:37,333.2,50,127150
20240221,15:09:38,334.0,50,127150
20240221,15:09:56,329.75,50,127150
20240221,15:10:00,329.95,450,127150
20240221,15:10:06,329.65,1950,127150
20240221,15:10:08,326.95,150,127150
20240221,15:10:09,326.4,150,127150
20240221,15:10:10,328.5,450,127150
20240221,15:10:29,327.2,50,127150
20240221,15:10:32,328.05,50,127150
20240221,15:10:38,329.0,250,127150
20240221,15:10:48,328.7,50,127150
20240221,15:10:52,329.8,50,127150
20240221,15:10:54,331.5,100,127150
20240221,15:11:10,330.8,300,127250
20240221,15:11:14,330.0,50,127250
20240221,15:11:19,333.15,50,127250
20240221,15:12:02,339.95,50,127250
20240221,15:12:40,339.9,50,127250
20240221,15:12:42,340.8,50,127250
20240221,15:12:56,338.3,150,127250
20240221,15:13:02,335.8,50,127250
20240221,15:13:07,332.15,50,127250
20240221,15:13:57,326.3,100,127250
20240221,15:14:02,322.2,50,127250
20240221,15:14:17,321.55,50,127050
20240221,15:14:20,320.65,200,127050
20240221,15:14:42,321.3,150,127050
20240221,15:14:58,322.4,50,127050
20240221,15:15:39,321.7,50,127050
20240221,15:15:43,322.85,50,127050
20240221,15:15:50,322.65,50,127050
20240221,15:15:55,323.0,50,127050
20240221,15:15:57,322.25,50,127050
20240221,15:16:30,326.35,50,127050
20240221,15:16:36,329.35,50,127050
20240221,15:18:27,341.0,200,127100
20240221,15:18:35,340.0,50,127100
20240221,15:18:38,344.6,50,127100
20240221,15:19:17,343.1,50,127100
20240221,15:20:04,342.05,50,127100
20240221,15:20:05,344.15,50,127100
20240221,15:20:07,344.15,50,127150
20240221,15:20:21,343.75,200,127150
20240221,15:20:22,343.75,200,127150
20240221,15:20:24,342.9,150,127150
20240221,15:20:26,342.85,200,127150
20240221,15:20:27,340.2,350,127150
20240221,15:20:29,342.0,150,127150
20240221,15:20:30,341.95,200,127150
20240221,15:20:32,341.9,400,127150
20240221,15:20:34,340.7,200,127150
20240221,15:20:35,340.8,200,127150
20240221,15:20:44,339.35,750,127150
20240221,15:20:52,339.45,400,127150
20240221,15:20:59,341.4,600,127150
20240221,15:21:06,339.55,1150,127150
20240221,15:21:20,341.85,50,127150
20240221,15:21:27,342.0,150,127150
20240221,15:21:43,343.0,50,127150
20240221,15:21:54,342.9,150,127150
20240221,15:22:16,343.85,50,127150
20240221,15:22:23,347.15,50,127150
20240221,15:22:31,348.75,150,127150
20240221,15:22:38,347.85,50,127150
20240221,15:22:53,347.2,100,127150
20240221,15:23:15,346.55,50,122050
20240221,15:23:37,351.1,100,122050
20240221,15:24:01,352.8,200,122050
20240221,15:24:18,357.0,50,122050
20240221,15:24:28,357.35,150,122050
20240221,15:24:53,360.0,250,122050
20240221,15:25:10,359.8,150,122050
20240221,15:25:26,361.4,300,122050
20240221,15:25:50,364.45,100,122050
20240221,15:26:23,365.1,50,122150
20240221,15:27:04,367.5,50,122150
20240221,15:27:21,366.9,850,122150
20240221,15:27:30,367.3,50,122150
20240221,15:27:38,369.65,150,122150
20240221,15:27:47,372.5,50,122150
20240221,15:28:11,370.0,1000,122150
20240221,15:28:19,372.0,50,122150
20240221,15:28:36,372.0,250,122150
20240221,15:29:00,366.85,50,122150
20240221,15:29:15,367.45,50,122050
20240221,15:29:54,365.45,50,122050
20240222,09:15:36,339.45,1,122050
20240222,09:15:36,339.45,50,122050
20240222,09:15:44,337.95,50,122050
20240222,09:15:59,331.0,1100,122150
20240222,09:16:08,328.0,50,122150
20240222,09:16:17,320.5,700,122150
20240222,09:16:39,320.5,100,122150
20240222,09:16:54,322.2,150,122150
20240222,09:17:02,324.85,50,122150
20240222,09:17:10,323.5,400,122150
20240222,09:17:17,323.5,50,122150
20240222,09:17:39,331.8,1800,122150
20240222,09:17:46,329.0,450,122150
20240222,09:17:54,327.05,600,122150
20240222,09:18:01,328.0,200,122150
20240222,09:18:09,329.8,400,122150
20240222,09:18:17,329.8,50,122150
20240222,09:18:39,331.0,400,122150
20240222,09:18:47,332.55,1100,122150
20240222,09:18:55,332.5,500,121800
20240222,09:19:00,331.65,150,121800
20240222,09:19:02,332.5,750,121800
20240222,09:19:05,334.05,100,121800
20240222,09:19:07,333.5,350,121800
20240222,09:19:16,332.5,100,121800
20240222,09:19:25,331.5,150,121800
20240222,09:19:29,331.0,300,121800
20240222,09:19:44,333.2,50,121800
20240222,09:19:53,332.35,300,121800
20240222,09:20:01,333.1,400,121800
20240222,09:20:02,332.15,550,121800
20240222,09:20:03,334.9,5000,121800
20240222,09:20:04,334.5,450,121800
20240222,09:20:08,335.6,400,121800
20240222,09:20:14,336.55,100,121800
20240222,09:20:17,336.5,200,121800
20240222,09:20:20,336.5,500,121800
20240222,09:20:29,337.5,350,121800
20240222,09:20:36,336.9,150,121800
20240222,09:20:51,336.85,50,121800
20240222,09:21:02,335.5,150,121800
20240222,09:22:20,333.2,150,121800
20240222,09:22:30,333.5,350,117800
20240222,09:22:32,332.75,250,117800
20240222,09:22:46,333.2,150,117800
20240222,09:22:47,333.8,50,117800
20240222,09:23:00,330.65,150,117800
20240222,09:23:07,334.05,50,117800
20240222,09:23:25,334.4,250,117800
20240222,09:23:33,334.0,50,117800
20240222,09:23:34,334.0,50,117800
20240222,09:23:35,332.9,50,117800
20240222,09:23:53,336.55,50,117800
20240222,09:24:04,336.0,1000,117800
20240222,09:24:54,336.05,100,117850
20240222,09:25:02,339.1,150,117850
20240222,09:25:29,336.05,200,117850
20240222,09:25:33,334.95,50,117850
20240222,09:25:38,334.35,50,117850
20240222,09:26:15,341.05,100,117850
20240222,09:26:20,341.05,150,117850
20240222,09:26:33,338.8,250,117850
20240222,09:26:51,340.45,250,117850
20240222,09:26:53,339.15,50,117850
20240222,09:27:01,338.3,50,117850
20240222,09:28:21,341.0,1000,117900
20240222,09:28:23,343.2,50,117900
20240222,09:28:46,348.5,250,117900
20240222,09:28:49,348.5,150,117900
20240222,09:28:55,348.55,100,117900
20240222,09:29:00,348.55,350,117900
20240222,09:29:02,349.0,50,117900
20240222,09:29:03,354.2,350,117900
20240222,09:29:05,354.2,500,117900
20240222,09:29:06,352.05,100,117900
20240222,09:29:10,351.5,50,117900
20240222,09:29:37,357.25,50,117900
20240222,09:29:39,357.25,100,117900
20240222,09:29:41,358.6,400,117900
20240222,09:29:42,358.6,200,117900
20240222,09:30:01,356.35,50,117900
20240222,09:30:12,351.85,50,117900
20240222,09:30:17,351.25,850,117900
20240222,09:30:38,355.25,200,117900
20240222,09:30:46,356.0,50,117900
20240222,09:30:50,355.5,100,117900
20240222,09:30:56,359.0,100,117500
20240222,09:31:03,367.0,150,117500
20240222,09:31:05,367.0,350,117500
20240222,09:31:08,363.4,100,117500
20240222,09:31:09,362.05,50,117500
20240222,09:31:25,366.6,50,117500
20240222,09:31:36,363.85,50,117500
20240222,09:31:39,364.8,100,117500
