date,time,tick_price,volume,open_interest
20231128,09:34:38,28.2,50,150
20231128,09:35:00,28.25,100,150
20231128,09:39:14,28.25,50,150
20231128,09:40:52,28.05,50,150
20231128,10:20:19,28.15,100,250
20231128,10:32:26,27.5,50,350
20231128,10:39:36,27.5,50,300
20231128,11:09:22,27.3,50,250
20231128,13:50:55,26.05,50,250
20231128,15:08:44,24.7,50,200
20231129,09:39:11,22.2,1,250
20231129,09:39:11,22.2,50,250
20231129,09:46:34,23.25,50,250
20231129,10:08:57,23.25,200,300
20231226,10:01:48,3.0,1,500
20231226,10:01:48,3.0,1150,500
20231226,10:08:45,2.85,500,900
20231226,15:01:54,2.75,50,900
20231226,15:28:37,2.75,100,850
20231227,15:19:24,2.95,1,750
20231227,15:19:24,2.95,50,750
20231228,09:47:39,2.95,1,800
20231228,09:47:39,2.95,50,800
20231228,10:17:00,2.9,300,850
20231228,13:52:34,1.35,100,1150
20231228,13:53:00,1.35,100,1150
20231228,13:53:11,2.4,100,1150
20231228,13:56:23,2.0,100,1250
20231229,09:18:47,1.65,1,1350
20231229,09:18:47,1.65,100,1350
20231229,09:19:02,2.0,500,1350
20231229,09:20:17,2.0,50,1850
20231229,09:20:56,2.2,50,1850
20231229,09:21:15,2.2,50,1850
20231229,09:21:23,1.55,750,1850
20231229,09:21:29,1.55,100,1850
20231229,09:21:47,1.55,150,1850
20231229,09:22:16,1.6,400,1850
20231229,09:22:34,1.5,50,1850
20231229,09:22:58,1.5,50,1850
20231229,09:23:47,1.5,250,1850
20231229,09:24:46,1.5,150,2500
20231229,09:24:57,1.5,150,2500
20231229,09:25:25,1.6,50,2500
20231229,09:26:43,1.6,150,2500
20231229,09:28:53,1.55,150,2800
20231229,09:31:02,1.45,250,2800
20231229,09:31:08,1.45,50,2800
20231229,09:36:07,1.45,50,2800
20231229,09:40:25,1.45,200,2600
20231229,09:42:00,1.3,500,2850
20231229,09:43:05,1.3,350,2850
20231229,09:43:31,1.3,50,2850
20231229,09:43:52,1.25,750,2850
20231229,09:43:52,1.25,250,2850
20231229,09:44:07,1.25,50,2850
20231229,09:44:15,1.25,150,2850
20231229,09:44:41,1.25,500,2750
20231229,09:45:12,1.25,100,2750
20231229,09:45:17,1.2,300,2750
20231229,09:45:18,1.15,150,2750
20231229,09:45:26,1.15,300,2750
20231229,09:46:13,1.15,50,2750
20231229,09:46:21,1.15,650,2750
20231229,09:47:06,1.2,100,2750
20231229,09:48:06,1.15,150,2750
20231229,09:48:15,1.15,400,3050
20231229,09:48:34,1.2,400,3050
20231229,09:55:13,1.1,200,3050
20231229,09:55:49,1.1,50,3200
20231229,09:56:40,1.1,250,3200
20231229,09:59:56,1.1,400,3350
20231229,10:05:36,1.1,250,3200
20231229,10:07:45,1.15,100,3100
20231229,10:10:12,1.05,250,3100
20231229,10:12:04,1.05,50,2800
20231229,10:18:07,1.05,200,2750
20231229,10:18:27,1.1,200,2750
20231229,10:23:27,1.15,50,2650
20231229,10:25:40,1.2,600,2650
20231229,10:26:17,1.2,450,2650
20231229,10:26:18,1.3,2350,2850
20231229,10:26:58,1.35,800,2850
20231229,10:27:06,1.35,200,2850
20231229,10:27:09,1.25,50,2850
20231229,10:27:15,1.35,600,2850
20231229,10:27:16,1.2,3300,2850
20231229,10:29:15,1.25,350,2850
20231229,10:29:17,1.3,450,7500
20231229,10:29:24,1.25,250,7500
20231229,10:30:31,1.25,250,7500
20231229,10:30:42,1.25,2100,7500
20231229,10:35:24,1.25,1400,7750
20231229,10:35:31,1.25,350,7750
20231229,10:36:48,1.25,50,7750
20231229,10:36:54,1.25,250,7750
20231229,10:36:55,1.25,150,7750
20231229,10:37:10,1.25,50,7750
20231229,10:37:26,1.25,50,7750
20231229,10:38:04,1.25,500,7750
20231229,10:38:39,1.25,250,8600
20231229,10:39:38,1.25,300,8600
20231229,10:39:57,1.35,2500,8600
20231229,10:42:55,1.3,50,8600
20231229,10:43:50,1.35,50,8750
20231229,10:43:51,1.35,50,8750
20231229,10:44:13,1.4,1800,8750
20231229,10:44:13,1.4,2200,8750
20231229,10:44:14,1.45,700,8750
20231229,10:45:18,1.4,1000,8750
20231229,10:46:49,1.35,50,11800
20231229,10:47:29,1.35,50,12550
20231229,10:48:11,1.35,500,12550
20231229,11:01:15,1.25,300,12950
20231229,11:01:15,1.3,50,12950
20231229,11:01:16,1.3,50,12950
20231229,11:02:48,1.2,200,12950
20231229,11:06:19,1.2,50,12950
20231229,11:09:41,1.2,50,13150
20231229,11:11:29,1.35,50,13150
20231229,11:18:29,1.2,50,13150
20231229,11:18:30,1.2,50,13150
20231229,11:20:45,1.15,6550,13050
20231229,11:20:48,1.1,100,13050
20231229,11:28:42,1.15,250,15850
20231229,11:29:08,1.2,100,15850
20231229,11:34:11,1.15,450,15750
20231229,11:34:29,1.15,150,15750
20231229,11:39:55,1.2,50,15750
20231229,11:56:44,1.2,100,15850
20231229,12:00:15,1.15,150,15800
20231229,12:11:12,1.15,450,15800
20231229,12:15:28,1.15,100,15800
20231229,12:16:34,1.2,400,15800
20231229,12:17:05,1.25,250,15800
20231229,12:17:51,1.3,1800,15800
20231229,12:17:55,1.25,200,16200
20231229,12:18:08,1.25,200,16200
20231229,12:20:24,1.25,250,16200
20231229,12:20:25,1.3,350,16200
20231229,12:21:02,1.3,150,16200
20231229,12:26:31,1.3,450,16150
20231229,12:26:33,1.3,50,15700
20231229,12:27:53,1.35,50,15700
20231229,12:28:55,1.3,250,15700
20231229,12:28:57,1.3,600,15700
20231229,12:28:58,1.3,50,15700
20231229,12:29:29,1.3,50,15700
20231229,12:30:28,1.25,200,15700
20231229,12:30:29,1.25,50,16250
20231229,12:43:54,1.25,50,16500
20231229,12:52:08,1.25,50,16500
20231229,13:50:43,1.25,400,16450
20231229,13:52:32,1.3,200,16450
20231229,13:52:32,1.35,1000,16450
20231229,13:52:33,1.35,200,16450
20231229,13:53:24,1.35,550,16450
20231229,13:53:24,1.35,50,16450
20231229,13:53:33,1.4,550,16450
20231229,13:53:33,1.35,250,16450
20231229,13:53:50,1.35,50,16450
20231229,13:54:22,1.4,100,17650
20231229,13:55:53,1.4,50,17650
20231229,13:56:31,1.4,250,17650
20231229,13:56:38,1.35,400,17650
20231229,13:59:56,1.45,250,17650
20231229,14:01:03,1.4,50,17400
20231229,14:03:00,1.3,200,17400
20231229,14:03:08,1.35,250,17400
20231229,14:03:09,1.35,50,17400
20231229,14:03:14,1.35,50,17400
20231229,14:12:00,1.35,250,17400
20231229,14:12:27,1.35,50,16950
20231229,14:15:48,1.3,50,16750
20231229,14:16:31,1.3,100,16750
20231229,14:17:41,1.3,50,16750
20231229,14:19:53,1.3,50,16750
20231229,14:21:30,1.25,50,16750
20231229,14:27:02,1.25,150,16750
20231229,14:28:12,1.25,150,16700
20231229,14:28:13,1.2,1800,16700
20231229,14:30:09,1.2,100,16700
20231229,14:39:07,1.1,50,16700
20231229,14:45:17,1.2,50,16750
20231229,14:56:15,1.15,100,16750
20231229,14:56:50,1.1,100,16750
20231229,14:57:13,1.1,250,16750
20231229,14:58:27,1.1,50,16700
20231229,15:01:14,1.15,250,16700
20231229,15:02:16,1.2,100,16700
20231229,15:04:05,1.15,250,16800
20231229,15:04:12,1.2,100,16800
20231229,15:04:37,1.2,250,16800
20231229,15:04:40,1.2,200,16800
20231229,15:04:44,1.25,450,16800
20231229,15:04:46,1.15,50,16800
20231229,15:04:49,1.25,950,16800
20231229,15:04:50,1.2,50,16800
20231229,15:04:59,1.2,50,16800
20231229,15:05:02,1.3,450,16800
20231229,15:05:11,1.25,300,16800
20231229,15:05:13,1.35,200,16800
20231229,15:05:14,1.35,250,16800
20231229,15:05:21,1.35,250,16800
20231229,15:05:25,1.3,350,16800
20231229,15:05:32,1.3,100,16800
20231229,15:05:34,1.4,1800,16800
20231229,15:05:42,1.3,100,16800
20231229,15:05:48,1.3,300,16800
20231229,15:05:50,1.3,50,16800
20231229,15:05:54,1.4,1550,16800
20231229,15:07:32,1.3,250,20750
20231229,15:11:48,1.3,350,20750
20231229,15:13:12,1.3,250,20500
20231229,15:15:00,1.3,250,20550
20231229,15:16:15,1.3,250,20550
20231229,15:16:32,1.3,250,20550
20231229,15:18:48,1.25,150,21300
20231229,15:23:10,1.3,500,21150
20231229,15:23:33,1.3,500,21150
20231229,15:25:05,1.35,100,21150
20231229,15:25:15,1.35,200,21150
20231229,15:25:16,1.35,100,21150
20231229,15:25:17,1.35,100,21150
20231229,15:25:52,1.3,250,21150
20231229,15:28:34,1.35,450,21150
20231229,15:29:40,1.05,50,20800
20240101,09:15:05,1.0,1,20050
20240101,09:15:05,1.0,50,20050
20240101,09:15:06,1.5,50,20050
20240101,09:15:42,1.5,100,20050
20240101,09:15:47,1.25,1000,20050
20240101,09:15:49,1.25,100,20050
20240101,09:16:26,1.2,300,20050
20240101,09:16:36,1.15,50,20050
20240101,09:16:39,1.15,50,20050
20240101,09:16:46,1.2,100,20050
20240101,09:17:33,1.15,50,20350
20240101,09:18:08,1.1,50,20350
20240101,09:18:25,1.15,50,20350
20240101,09:21:07,1.1,50,20350
20240101,09:21:41,1.1,150,20350
20240101,09:21:43,1.1,250,20350
20240101,09:21:44,1.1,750,20350
20240101,09:22:17,1.15,50,20350
20240101,09:22:34,1.15,150,20350
20240101,09:24:04,1.15,400,20350
20240101,09:25:59,1.1,50,20200
20240101,09:28:11,1.15,50,20200
20240101,09:29:03,1.1,50,19900
20240101,09:29:30,1.1,50,19900
20240101,09:31:39,1.1,50,19900
20240101,09:32:43,1.15,500,19900
20240101,09:33:58,1.1,50,19900
20240101,09:34:09,1.1,500,19900
20240101,09:34:13,1.15,50,19900
20240101,09:34:25,1.1,50,19900
20240101,09:36:37,1.15,50,19900
20240101,09:40:06,1.1,100,19800
20240101,09:40:12,1.1,100,19800
20240101,09:40:57,1.1,50,19800
20240101,09:43:25,1.1,50,20000
20240101,09:45:04,1.1,300,20000
20240101,09:51:07,1.1,250,20000
20240101,09:51:08,1.1,50,20200
20240101,09:51:09,1.1,50,20200
20240101,09:52:17,1.2,50,20200
20240101,09:52:31,1.15,200,20200
20240101,09:52:31,1.15,50,20200
20240101,09:54:02,1.15,50,20450
20240101,09:54:18,1.15,50,20450
20240101,09:54:36,1.2,50,20450
20240101,09:54:51,1.2,100,20450
20240101,09:54:52,1.25,150,20450
20240101,09:55:01,1.25,850,20450
20240101,09:55:02,1.3,1950,20450
20240101,09:55:05,1.25,50,20450
20240101,09:55:08,1.55,6000,20450
20240101,09:55:12,1.4,100,20450
20240101,09:55:13,1.6,650,20450
20240101,09:55:24,1.6,200,20450
20240101,09:55:31,1.4,100,20450
20240101,09:55:39,1.55,700,20450
20240101,09:56:09,1.4,850,20450
20240101,09:56:10,1.45,1150,20450
20240101,09:56:24,1.35,200,27550
20240101,09:56:36,1.35,1800,27550
20240101,09:56:37,1.35,200,27550
20240101,09:56:40,1.35,1800,27550
20240101,09:56:45,1.35,200,27550
20240101,09:56:46,1.4,800,27550
20240101,09:56:48,1.35,150,27550
20240101,09:56:51,1.35,100,27550
20240101,09:56:59,1.3,100,27550
20240101,09:57:27,1.5,50,27550
20240101,09:58:29,1.35,50,27550
20240101,10:01:01,1.35,50,30400
20240101,10:01:04,1.35,50,30400
20240101,10:01:11,1.35,50,30400
20240101,10:01:16,1.35,150,30400
20240101,10:01:30,1.4,50,30400
20240101,10:02:21,1.35,400,30400
20240101,10:03:59,1.3,350,30450
20240101,10:04:02,1.3,50,30450
20240101,10:05:06,1.35,150,30450
20240101,10:05:47,1.3,50,30450
20240101,10:05:58,1.35,150,30600
20240101,10:09:09,1.35,50,30600
20240101,10:11:13,1.3,200,30600
20240101,10:11:24,1.25,50,30650
20240101,10:11:31,1.3,100,30650
20240101,10:14:17,1.3,50,30650
20240101,10:14:33,1.25,50,30650
20240101,10:20:07,1.2,2150,30550
20240101,10:21:00,1.2,1850,29250
20240101,10:21:15,1.2,50,29250
20240101,10:21:28,1.2,600,29250
20240101,10:24:32,1.15,50,27250
20240101,10:24:36,1.15,50,27250
20240101,10:24:46,1.15,50,27250
20240101,10:29:11,1.2,50,27250
20240101,10:30:31,1.2,50,27300
20240101,10:31:01,1.2,200,27300
20240101,10:33:21,1.15,50,27300
20240101,10:34:24,1.15,50,27200
20240101,10:38:16,1.2,850,27150
20240101,10:46:41,1.2,200,26450
20240101,10:47:19,1.25,400,26450
20240101,10:47:26,1.25,150,26450
20240101,10:48:12,1.2,50,26450
20240101,10:56:37,1.25,1350,26400
20240101,10:56:48,1.2,50,26400
20240101,11:01:15,1.25,50,25350
20240101,11:04:33,1.2,250,25300
20240101,11:08:52,1.2,400,25300
20240101,11:09:42,1.15,50,25300
20240101,11:19:08,1.2,150,25350
20240101,11:21:38,1.15,400,25350
20240101,11:23:54,1.1,300,25500
20240101,11:24:49,1.1,300,25800
20240101,11:25:01,1.1,950,25800
20240101,11:31:40,1.1,50,25850
20240101,11:32:29,1.1,250,25850
20240101,11:33:27,1.1,350,25850
20240101,11:43:07,1.1,300,26000
20240101,11:45:05,1.1,50,26000
20240101,11:47:20,1.1,50,25850
20240101,11:48:39,1.1,300,25850
20240101,11:58:40,1.1,50,25800
20240101,11:58:45,1.1,500,25550
20240101,12:01:35,1.05,50,25550
20240101,12:02:22,1.05,50,25050
20240101,12:10:26,1.15,2800,25100
20240101,12:10:27,1.2,3100,25100
20240101,12:10:28,1.25,1900,25100
20240101,12:10:30,1.1,2600,25100
20240101,12:10:31,1.2,1800,25100
20240101,12:10:32,1.1,50,25100
20240101,12:10:48,1.25,1300,25100
20240101,12:10:51,1.25,50,25100
20240101,12:10:59,1.25,2000,25100
20240101,12:11:02,1.15,400,25100
20240101,12:11:03,1.2,650,25100
20240101,12:11:04,1.3,100,25100
20240101,12:11:05,1.15,50,25100
20240101,12:11:06,1.25,550,25100
20240101,12:11:07,1.2,100,25100
20240101,12:11:09,1.35,200,25100
20240101,12:11:10,1.3,300,25100
20240101,12:11:11,1.2,500,25100
20240101,12:11:12,1.25,3500,25100
20240101,12:11:13,1.25,7500,25100
20240101,12:11:14,1.2,5000,25100
20240101,12:11:18,1.25,4550,25100
20240101,12:11:21,1.15,2850,25100
20240101,12:11:23,1.2,1600,25100
20240101,12:11:25,1.25,1800,25100
20240101,12:11:27,1.25,4150,25100
20240101,12:11:28,1.15,4500,25100
20240101,12:11:29,1.25,3100,25100
20240101,12:11:30,1.25,750,25100
20240101,12:11:31,1.25,1050,25100
20240101,12:11:32,1.15,200,25100
20240101,12:11:58,1.25,2300,35300
20240101,12:12:08,1.3,3550,35300
20240101,12:12:09,1.2,950,35300
20240101,12:12:10,1.3,450,35300
20240101,12:12:11,1.25,1050,35300
20240101,12:12:12,1.25,850,35300
20240101,12:12:14,1.25,2500,35300
20240101,12:12:15,1.25,1600,35300
20240101,12:12:16,1.25,750,35300
20240101,12:12:17,1.35,450,35300
20240101,12:12:18,1.35,1650,35300
20240101,12:12:19,1.35,600,35300
20240101,12:12:20,1.25,4050,35300
20240101,12:12:22,1.2,3150,35300
20240101,12:12:23,1.3,7850,35300
20240101,12:12:24,1.25,300,35300
20240101,12:12:32,1.3,400,35300
20240101,12:12:45,1.35,1800,35300
20240101,12:12:46,1.4,3150,35300
20240101,12:14:24,1.4,2900,35300
20240101,12:14:25,1.35,450,35300
20240101,12:14:33,1.4,1950,35300
20240101,12:15:49,1.4,200,43750
20240101,12:16:00,1.35,100,43750
20240101,12:16:03,1.4,50,43750
20240101,12:16:07,1.4,8200,43750
20240101,12:16:09,1.35,400,43750
20240101,12:16:11,1.4,300,43750
20240101,12:16:53,1.3,250,43750
20240101,12:17:33,1.35,50,43750
20240101,12:18:26,1.3,450,43350
20240101,12:18:43,1.25,50,43350
20240101,12:20:58,1.2,1000,43650
20240101,12:21:31,1.25,100,43650
20240101,12:22:27,1.25,200,43650
20240101,12:22:30,1.15,500,43650
20240101,12:26:11,1.15,350,43650
20240101,12:26:21,1.2,50,44100
20240101,12:28:09,1.2,50,44100
20240101,12:28:10,1.2,50,43850
20240101,12:28:18,1.2,50,43850
20240101,12:28:50,1.2,550,43850
20240101,12:29:13,1.15,100,43850
20240101,12:30:15,1.2,250,43850
20240101,12:30:16,1.15,150,43400
20240101,12:30:22,1.15,450,43400
20240101,12:30:23,1.2,250,43400
20240101,12:42:56,1.1,200,43250
20240101,12:42:59,1.15,50,43250
20240101,12:47:12,1.15,50,43250
20240101,12:47:13,1.15,50,43250
20240101,12:51:42,1.2,300,43250
20240101,12:52:03,1.2,100,43300
20240101,12:52:11,1.2,400,43300
20240101,12:53:52,1.2,50,42900
20240101,13:02:22,1.2,250,42950
20240101,13:09:06,1.2,250,42950
20240101,13:50:45,1.25,650,43150
20240101,13:51:50,1.25,350,42750
20240101,13:57:19,1.25,300,42950
20240101,13:57:23,1.25,300,42950
20240101,13:58:27,1.3,250,42950
20240101,13:58:28,1.35,3300,42950
20240101,13:58:53,1.4,1600,42950
20240101,13:59:06,1.35,1550,42950
20240101,13:59:07,1.35,200,42950
20240101,13:59:08,1.35,550,42950
20240101,13:59:26,1.4,550,42950
20240101,13:59:27,1.45,650,42950
20240101,13:59:29,1.4,50,42950
20240101,13:59:32,1.45,300,42950
20240101,13:59:45,1.4,350,42950
20240101,14:00:02,1.4,50,47350
20240101,14:00:12,1.4,1800,47350
20240101,14:00:22,1.4,1000,47350
20240101,14:00:42,1.4,50,47350
20240101,14:02:10,1.45,1400,47350
20240101,14:03:16,1.45,50,50450
20240101,14:03:31,1.5,200,50450
20240101,14:03:37,1.5,550,50450
20240101,14:04:09,1.45,250,50450
20240101,14:04:14,1.5,150,50450
20240101,14:04:26,1.55,50,50450
20240101,14:04:33,1.7,1500,50450
20240101,14:04:33,1.7,150,50450
20240101,14:04:36,1.55,150,50450
20240101,14:04:37,1.6,150,50450
20240101,14:05:21,1.75,1050,50450
20240101,14:05:23,1.8,50,50450
20240101,14:05:56,1.8,1550,50450
20240101,14:06:04,1.65,700,50450
20240101,14:06:13,1.6,250,54700
20240101,14:06:42,1.7,200,54700
20240101,14:07:43,1.6,50,54700
20240101,14:08:06,1.8,50,54700
20240101,14:08:07,1.65,100,54700
20240101,14:08:24,1.6,250,54700
20240101,14:10:29,1.6,200,55600
20240101,14:10:32,1.6,150,55600
20240101,14:10:34,1.6,150,55600
20240101,14:10:45,1.55,100,55600
20240101,14:11:06,1.6,1100,55600
20240101,14:11:07,1.6,750,55600
20240101,14:11:08,1.6,1000,55600
20240101,14:11:44,1.75,300,55600
20240101,14:11:48,1.75,50,55600
20240101,14:11:50,1.75,500,55600
20240101,14:12:01,1.7,1400,55600
20240101,14:12:02,1.7,50,56050
20240101,14:12:07,1.65,200,56050
20240101,14:12:08,1.7,100,56050
20240101,14:12:09,1.75,300,56050
20240101,14:12:50,1.6,100,56050
20240101,14:13:09,1.7,200,56050
20240101,14:13:28,1.7,1350,56050
20240101,14:13:29,1.75,850,56050
20240101,14:13:35,1.7,600,56050
20240101,14:13:36,1.75,50,56050
20240101,14:13:57,1.6,50,56050
20240101,14:14:06,1.75,1850,56050
20240101,14:14:27,1.75,150,56050
20240101,14:14:36,1.65,550,56050
20240101,14:14:40,1.75,1850,56050
20240101,14:15:50,1.7,700,62150
20240101,14:16:07,1.75,100,62150
20240101,14:16:19,1.75,100,62150
20240101,14:17:38,1.75,500,62150
20240101,14:17:40,1.75,100,62150
20240101,14:17:48,1.85,2800,62150
20240101,14:17:49,1.9,1050,62150
20240101,14:17:50,1.9,950,62150
20240101,14:17:52,1.85,1200,62150
20240101,14:17:55,1.85,250,62150
20240101,14:18:01,1.9,550,62150
20240101,14:18:06,1.95,5550,67850
20240101,14:18:08,1.9,1050,67850
20240101,14:18:45,1.9,850,67850
20240101,14:18:46,1.95,1800,67850
20240101,14:18:48,1.95,900,67850
20240101,14:18:49,1.95,200,67850
20240101,14:18:51,2.0,2500,67850
20240101,14:18:53,2.1,50,67850
20240101,14:18:54,2.1,1400,67850
20240101,14:18:56,2.1,50,67850
20240101,14:19:05,2.0,800,67850
20240101,14:19:58,1.9,150,67850
20240101,14:20:05,2.0,50,67850
20240101,14:20:35,1.9,50,67850
20240101,14:20:38,1.9,50,67850
20240101,14:20:41,1.9,50,67850
20240101,14:20:44,1.9,50,67850
20240101,14:20:54,1.9,50,67850
20240101,14:20:59,1.9,50,67850
20240101,14:21:02,1.9,50,76200
20240101,14:21:05,1.9,50,76200
20240101,14:21:37,1.85,600,76200
20240101,14:21:47,1.8,500,76200
20240101,14:21:51,1.8,50,76200
20240101,14:22:55,1.75,200,76200
20240101,14:22:59,1.75,200,76200
20240101,14:23:01,1.75,200,76200
20240101,14:24:20,1.7,800,76200
20240101,14:24:21,1.7,3200,76800
20240101,14:24:31,1.75,150,76800
20240101,14:24:36,1.75,50,76800
20240101,14:24:37,1.75,2300,76800
20240101,14:24:38,1.75,700,76800
20240101,14:25:13,1.8,100,76800
20240101,14:25:19,1.75,100,76800
20240101,14:25:28,1.75,400,76800
20240101,14:25:38,1.75,500,76800
20240101,14:26:19,1.85,100,76800
20240101,14:27:49,1.7,200,76800
20240101,14:27:54,1.8,50,77000
20240101,14:29:37,1.7,600,77000
20240101,14:29:56,1.7,100,77000
20240101,14:29:57,1.75,250,77000
20240101,14:30:02,1.85,1800,76850
20240101,14:30:11,1.75,200,76850
20240101,14:31:33,1.8,100,76850
20240101,14:31:54,1.75,600,76850
20240101,14:31:59,1.8,200,76850
20240101,14:33:10,1.65,3950,78600
20240101,14:33:11,1.65,400,78600
20240101,14:34:05,1.7,1550,78600
20240101,14:34:06,1.7,1050,78600
20240101,14:34:07,1.7,1500,78600
20240101,14:34:08,1.7,2250,78600
20240101,14:34:11,1.7,650,78600
20240101,14:34:45,1.7,100,78600
20240101,14:34:55,1.7,1650,78600
20240101,14:34:55,1.65,4550,78600
20240101,14:35:00,1.7,850,78600
20240101,14:35:01,1.8,750,78600
20240101,14:35:03,1.65,800,78600
20240101,14:35:05,1.7,2050,78600
20240101,14:35:37,1.7,150,78600
20240101,14:35:38,1.7,200,78600
20240101,14:36:19,1.75,450,78500
20240101,14:36:21,1.75,100,78500
20240101,14:36:26,1.75,50,78500
20240101,14:36:30,1.75,900,78500
20240101,14:38:24,1.7,250,78500
20240101,14:38:24,1.7,50,78500
20240101,14:38:52,1.7,50,78500
20240101,14:39:30,1.65,150,78650
20240101,14:39:45,1.7,50,78650
20240101,14:40:12,1.7,350,78650
20240101,14:42:47,1.8,2050,78150
20240101,14:42:48,1.85,3050,78150
20240101,14:42:58,1.7,300,78150
20240101,14:43:01,1.8,1300,78150
20240101,14:43:23,1.85,1250,78150
20240101,14:43:26,1.85,50,78150
20240101,14:43:37,1.85,150,78150
20240101,14:43:43,1.85,850,78150
20240101,14:43:55,1.8,150,78150
20240101,14:44:02,1.9,100,78150
20240101,14:44:06,1.9,100,78150
20240101,14:44:12,1.9,300,78150
20240101,14:44:13,1.9,200,78150
20240101,14:44:40,1.9,450,78150
20240101,14:44:41,1.95,1000,78150
20240101,14:44:45,1.95,600,78150
20240101,14:44:46,1.95,900,78150
20240101,14:44:57,1.95,150,78150
20240101,14:45:34,1.95,1150,88100
20240101,14:45:38,1.95,350,88100
20240101,14:46:51,1.95,50,88100
20240101,14:47:10,1.95,50,88100
20240101,14:47:12,1.9,150,88100
20240101,14:47:13,1.95,50,88100
20240101,14:47:22,1.9,100,88100
20240101,14:47:50,1.9,350,88100
20240101,14:48:05,1.85,200,89550
20240101,14:48:45,1.8,1900,89550
20240101,14:55:14,1.9,250,89550
20240101,14:55:15,1.9,650,90450
20240101,14:55:35,1.85,500,90450
20240101,14:56:35,1.85,400,90450
20240101,15:01:33,1.8,1000,90450
20240101,15:02:01,1.8,600,90450
20240101,15:02:03,1.8,250,90450
20240101,15:02:24,1.7,1800,90450
20240101,15:02:24,1.7,1600,90450
20240101,15:02:29,1.7,1800,90450
20240101,15:02:30,1.7,450,90450
20240101,15:02:33,1.7,250,90450
20240101,15:02:34,1.7,250,90450
20240101,15:02:39,1.65,150,90450
20240101,15:04:08,1.7,1050,90450
20240101,15:07:42,1.75,300,90200
20240101,15:08:53,1.7,300,90200
20240101,15:09:52,1.7,950,90200
20240101,15:09:58,1.7,1650,90200
20240101,15:11:21,1.7,50,90200
20240101,15:12:00,1.6,50,90200
20240101,15:12:49,1.6,100,90100
20240101,15:14:13,1.6,1000,90100
20240101,15:15:03,1.5,1200,90100
20240101,15:15:04,1.45,50,90100
20240101,15:15:14,1.5,50,89000
20240101,15:16:12,1.4,1800,89000
20240101,15:16:40,1.45,200,89000
20240101,15:16:45,1.45,50,89000
20240101,15:18:26,1.5,100,89000
20240101,15:18:36,1.5,900,87600
20240101,15:18:48,1.5,600,87600
20240101,15:18:58,1.5,500,87600
20240101,15:19:14,1.5,1300,87600
20240101,15:22:42,1.55,150,87700
20240101,15:24:09,1.5,500,87700
20240101,15:25:08,1.45,100,87600
20240101,15:25:23,1.4,100,87600
20240101,15:25:38,1.45,100,87600
20240101,15:25:51,1.4,50,87600
20240101,15:25:52,1.45,250,87600
20240101,15:26:04,1.45,250,87600
20240101,15:26:22,1.45,200,87600
20240101,15:26:53,1.55,50,87600
20240101,15:28:21,1.4,100,87600
20240102,09:15:03,1.5,1,87000
20240102,09:15:03,1.5,50,87000
20240102,09:15:04,1.65,50,87000
20240102,09:16:45,1.65,100,87000
20240102,09:16:48,1.2,50,87000
20240102,09:16:52,1.2,50,87000
20240102,09:16:59,1.25,50,87000
20240102,09:17:06,1.25,50,87000
20240102,09:17:15,1.2,50,87000
20240102,09:17:22,1.2,50,87100
20240102,09:17:47,1.15,50,87100
20240102,09:18:02,1.15,100,87100
20240102,09:18:34,1.2,50,87100
20240102,09:19:11,1.25,200,87100
20240102,09:22:30,1.25,50,87100
20240102,09:24:17,1.2,50,87200
20240102,09:24:31,1.2,100,87200
20240102,09:24:47,1.2,2400,87200
20240102,09:25:11,1.15,150,87200
20240102,09:27:21,1.25,1400,87200
20240102,09:27:28,1.25,300,86500
20240102,09:27:38,1.25,800,86500
20240102,09:27:39,1.25,800,86500
20240102,09:27:47,1.2,1600,86500
20240102,09:27:50,1.25,1600,86500
20240102,09:27:52,1.2,700,86500
20240102,09:27:52,1.2,300,86500
20240102,09:27:54,1.25,1600,86500
20240102,09:28:26,1.2,50,86500
20240102,09:29:32,1.3,50,86550
20240102,09:30:15,1.2,1800,86550
20240102,09:31:11,1.3,1500,86550
20240102,09:31:43,1.2,1150,86550
20240102,09:32:28,1.25,200,85600
20240102,09:33:14,1.25,200,85600
20240102,09:34:05,1.15,1600,85600
20240102,09:34:05,1.1,2300,85600
20240102,09:36:12,1.1,500,83050
20240102,09:38:34,1.2,200,83050
20240102,09:41:41,1.15,500,83050
20240102,09:43:34,1.15,250,83050
20240102,09:43:43,1.2,2950,83050
20240102,09:50:18,1.15,100,83050
20240102,09:51:28,1.15,100,83200
20240102,09:52:13,1.15,300,83250
20240102,09:55:09,1.15,150,83650
20240102,09:56:31,1.15,50,83650
20240102,09:57:16,1.1,1100,83650
20240102,09:57:17,1.1,300,83650
20240102,09:57:28,1.1,200,83650
20240102,09:57:29,1.1,250,83650
20240102,09:57:33,1.1,650,83650
20240102,09:57:48,1.05,650,83650
20240102,09:58:27,1.0,1800,83650
20240102,09:58:30,1.0,3500,83650
20240102,09:58:32,1.0,650,83650
20240102,09:58:33,0.95,1800,83650
20240102,09:58:38,0.95,650,83650
20240102,09:58:41,1.0,100,83650
20240102,09:59:21,1.0,250,83650
20240102,09:59:34,1.0,400,83650
20240102,10:00:09,1.0,50,74100
20240102,10:00:11,0.95,1250,74100
20240102,10:00:11,0.95,1000,74100
20240102,10:00:28,0.95,500,74100
20240102,10:01:10,0.95,300,74100
20240102,10:02:06,0.9,500,74100
20240102,10:03:55,0.9,150,74100
20240102,10:21:57,0.9,1250,72250
20240102,10:22:00,1.15,450,72250
20240102,10:22:02,1.15,50,72250
20240102,10:25:12,1.0,350,72950
20240102,10:27:38,0.95,50,72950
20240102,10:29:09,0.95,200,73200
20240102,10:31:06,0.9,150,73200
20240102,10:31:09,0.9,50,73250
20240102,10:31:13,0.9,200,73250
20240102,10:31:14,0.85,750,73250
20240102,10:31:19,0.85,350,73250
20240102,10:31:25,0.85,500,73250
20240102,10:31:31,0.85,150,73250
20240102,10:31:36,0.85,300,73250
20240102,10:31:37,0.75,2350,73250
20240102,10:31:46,0.85,100,73250
20240102,10:31:47,0.8,200,73250
20240102,10:36:26,0.8,300,73250
20240102,10:36:57,0.9,150,70000
20240102,10:36:58,0.85,900,70000
20240102,10:37:15,0.8,1050,70000
20240102,10:37:31,0.9,200,70000
20240102,10:38:01,0.95,200,70000
20240102,10:38:12,0.8,2000,70000
20240102,10:38:13,0.85,150,70000
20240102,10:39:13,0.85,150,65600
20240102,10:39:21,0.9,100,65600
20240102,10:39:41,0.9,100,65600
20240102,10:41:06,0.9,1850,65600
20240102,10:41:07,0.9,50,65600
20240102,10:41:32,0.9,750,65600
20240102,10:42:05,0.9,300,63950
20240102,10:42:06,0.85,1150,63950
20240102,10:42:49,0.85,1000,63950
20240102,10:43:41,0.85,200,63950
20240102,10:48:35,0.95,200,61350
20240102,10:48:41,0.95,200,61350
20240102,10:49:09,0.9,50,61350
20240102,10:49:31,0.9,50,61350
20240102,10:50:00,0.9,50,61350
20240102,10:55:08,0.95,200,61350
20240102,11:02:31,0.95,300,61500
20240102,11:09:52,1.0,50,61500
20240102,11:11:24,1.0,200,61400
20240102,11:11:52,1.0,50,61400
20240102,11:12:06,1.0,250,61650
20240102,11:12:12,1.05,2000,61650
20240102,11:12:38,1.05,500,61650
20240102,11:13:06,1.05,550,61650
20240102,11:13:19,1.05,200,61650
20240102,11:13:21,1.1,850,61650
20240102,11:16:55,1.1,300,64150
20240102,11:19:41,1.0,200,64150
20240102,11:19:50,1.0,100,64400
20240102,11:19:56,1.0,200,64400
20240102,11:20:05,1.1,400,64400
20240102,11:20:58,1.05,50,64800
20240102,11:23:59,0.95,300,64850
20240102,11:27:51,0.95,200,65100
20240102,11:37:55,1.05,50,65100
20240102,11:40:29,0.95,50,65000
20240102,11:50:27,1.0,200,65000
20240102,11:51:04,0.95,350,65000
20240102,11:54:29,0.9,250,64800
20240102,12:02:13,0.95,2150,64750
20240102,12:02:15,0.9,150,64750
20240102,12:03:04,0.9,600,64750
20240102,12:21:09,1.0,150,62400
20240102,12:21:12,0.95,100,62400
20240102,12:33:59,0.85,2000,62400
20240102,12:34:21,0.95,50,62400
20240102,13:15:00,0.95,200,62400
20240102,13:15:03,0.95,100,60750
20240102,13:15:05,0.95,200,60750
20240102,13:15:06,0.9,100,60750
20240102,13:15:30,0.85,100,60750
20240102,13:18:45,1.0,150,60400
20240102,13:19:28,1.0,50,60400
20240102,13:47:33,0.95,150,60500
20240102,13:49:08,0.85,150,60650
20240102,13:53:23,1.05,900,60550
20240102,13:53:24,0.95,50,60550
20240102,14:05:20,0.95,50,60550
20240102,14:15:31,1.0,200,61300
20240102,14:15:32,1.0,250,61300
20240102,14:16:10,1.0,150,61300
20240102,14:17:39,1.05,150,61300
20240102,14:18:03,1.0,150,61300
20240102,14:18:58,1.1,300,61300
20240102,14:19:18,1.1,50,61300
20240102,14:21:16,1.15,300,61250
20240102,14:21:17,1.15,100,61250
20240102,14:23:17,1.1,300,61250
20240102,14:23:18,1.15,50,61250
20240102,14:23:26,0.9,1150,61250
20240102,14:23:27,1.1,50,61250
20240102,14:25:28,1.1,50,60200
20240102,14:29:15,1.1,550,60200
20240102,14:29:15,1.1,50,60200
20240102,14:33:23,1.1,400,59900
20240102,14:33:24,1.15,250,59900
20240102,14:33:29,1.15,50,59900
20240102,14:34:04,1.2,100,59900
20240102,14:34:05,1.2,100,59900
20240102,14:34:06,1.2,100,59900
20240102,14:34:10,1.2,200,59900
20240102,14:34:37,1.2,50,59900
20240102,14:36:01,1.2,3400,59900
20240102,14:37:35,1.3,150,62500
20240102,14:40:01,1.4,1550,62500
20240102,14:40:02,1.5,1250,62600
20240102,14:40:02,1.45,50,62600
20240102,14:40:07,1.4,350,62600
20240102,14:40:14,1.4,200,62600
20240102,14:40:18,1.4,1500,62600
20240102,14:40:24,1.45,650,62600
20240102,14:40:30,1.5,400,62600
20240102,14:40:32,1.5,300,62600
20240102,14:40:33,1.5,300,62600
20240102,14:40:34,1.5,1850,62600
20240102,14:40:34,1.5,350,62600
20240102,14:40:35,1.5,300,62600
20240102,14:40:37,1.5,300,62600
20240102,14:40:38,1.5,400,62600
20240102,14:40:38,1.5,100,62600
20240102,14:40:40,1.5,200,62600
20240102,14:40:46,1.5,300,62600
20240102,14:42:40,1.5,1000,62600
20240102,14:42:41,1.45,200,70500
20240102,14:42:44,1.5,100,70500
20240102,14:42:52,1.5,50,70500
20240102,14:43:02,1.5,500,70500
20240102,14:43:33,1.4,100,70500
20240102,14:43:36,1.4,400,70500
20240102,14:43:37,1.4,100,70500
20240102,14:44:15,1.4,500,70500
20240102,14:44:17,1.4,400,70500
20240102,14:44:19,1.4,100,70500
20240102,14:44:20,1.4,300,70500
20240102,14:44:47,1.3,500,70500
20240102,14:45:55,1.4,400,70500
20240102,14:47:30,1.35,200,72700
20240102,14:48:25,1.3,1050,72700
20240102,14:48:41,1.25,1850,72850
20240102,14:48:41,1.25,1200,72850
20240102,14:48:44,1.25,1000,72850
20240102,14:48:45,1.25,100,72850
20240102,14:48:47,1.25,600,72850
20240102,14:49:00,1.2,1000,72850
20240102,14:49:19,1.2,1000,72850
20240102,14:49:32,1.2,350,72850
20240102,14:49:48,1.2,1000,72850
20240102,14:49:58,1.2,1100,72850
20240102,14:51:08,1.2,1000,75050
20240102,14:52:02,1.15,900,75050
20240102,14:56:20,1.2,400,75050
20240102,14:58:08,1.1,50,75100
20240102,15:05:40,1.15,100,75050
20240102,15:05:41,1.15,150,75050
20240102,15:06:54,1.1,250,74800
20240102,15:06:56,1.1,600,74800
20240102,15:11:35,1.0,100,74800
20240102,15:12:49,1.15,100,74200
20240102,15:12:53,1.15,50,74200
20240102,15:12:54,1.15,100,74200
20240102,15:12:56,1.2,200,74200
20240102,15:12:57,1.2,400,74200
20240102,15:12:58,1.2,150,74200
20240102,15:12:59,1.25,350,74200
20240102,15:12:59,1.25,150,74200
20240102,15:13:01,1.3,50,74200
20240102,15:13:02,1.3,100,74200
20240102,15:13:40,1.15,250,74200
20240102,15:13:56,1.15,50,74200
20240102,15:16:32,1.25,150,73850
20240102,15:19:20,1.1,200,73850
20240102,15:19:48,1.05,100,73750
20240102,15:25:02,1.0,100,73750
20240102,15:25:04,1.0,100,73900
20240102,15:25:07,0.95,100,73900
20240102,15:25:09,0.95,100,73900
20240102,15:25:11,0.95,100,73900
20240102,15:25:15,0.95,50,73900
20240102,15:25:44,1.2,100,73900
20240102,15:25:45,1.25,250,73900
20240102,15:25:46,1.25,150,73900
20240102,15:25:47,1.25,50,73900
20240102,15:25:48,0.7,1050,73900
20240102,15:25:49,1.25,300,73900
20240102,15:25:50,1.3,100,73900
20240102,15:25:51,1.0,350,73900
20240102,15:25:58,1.25,150,73900
20240102,15:26:18,1.05,200,73900
20240102,15:27:02,1.15,50,73900
20240102,15:29:39,0.95,100,72100
20240103,09:15:42,1.35,1,72100
20240103,09:15:42,1.35,250,72100
20240103,09:15:42,0.9,100,72000
20240103,09:15:51,0.9,100,72000
20240103,09:15:58,0.9,100,72000
20240103,09:16:36,1.2,50,72000
20240103,09:16:41,0.95,50,72000
20240103,09:16:56,1.15,50,72000
20240103,09:17:10,0.9,100,72000
20240103,09:17:16,0.95,50,72000
20240103,09:22:52,1.15,50,72000
20240103,09:24:01,1.05,250,72150
20240103,09:24:36,1.1,100,72150
20240103,09:24:50,1.1,50,72150
20240103,09:25:34,1.1,50,72150
20240103,09:25:42,0.9,100,72150
20240103,09:26:10,1.05,50,72150
20240103,09:26:14,0.95,50,72150
20240103,09:26:33,1.05,50,72150
20240103,09:27:54,1.05,50,72150
20240103,09:28:35,1.0,300,72150
20240103,09:28:41,1.0,50,72150
20240103,09:30:15,1.0,50,72200
20240103,09:31:28,1.0,1800,72200
20240103,09:34:29,0.9,250,74050
20240103,09:35:15,0.85,150,74050
20240103,09:35:31,0.85,50,74050
20240103,09:36:36,0.85,50,74250
20240103,09:36:46,1.0,100,74250
20240103,09:37:29,0.8,100,74250
20240103,09:37:35,0.8,50,74250
20240103,09:37:38,0.95,100,74250
20240103,09:37:40,0.85,50,74250
20240103,09:37:46,0.85,100,74250
20240103,09:37:55,0.85,150,74250
20240103,09:38:02,0.9,250,74250
20240103,09:38:19,0.95,100,74250
20240103,09:38:22,0.85,350,74250
20240103,09:38:29,0.95,100,74250
20240103,09:39:14,0.95,100,74150
20240103,09:39:18,0.95,900,74150
20240103,09:39:34,0.85,250,74150
20240103,09:40:03,0.85,100,74150
20240103,09:40:48,0.85,100,74150
20240103,09:40:50,0.85,800,74150
20240103,09:40:59,0.8,600,74150
20240103,09:41:00,0.8,300,74150
20240103,09:41:08,0.8,200,74150
20240103,09:41:15,0.8,200,74150
20240103,09:41:38,0.7,4650,74150
20240103,09:41:39,0.7,1650,73650
20240103,09:41:46,0.7,550,73650
20240103,09:41:49,0.65,150,73650
20240103,09:42:08,0.65,300,73650
20240103,09:42:20,0.7,900,73650
20240103,09:43:13,0.85,1100,73650
20240103,09:43:35,0.8,50,73650
20240103,09:44:00,0.7,250,73650
20240103,09:44:01,0.7,800,73650
20240103,09:44:05,0.65,1450,73650
20240103,09:44:06,0.65,300,73650
20240103,09:44:07,0.6,1850,73650
20240103,09:44:08,0.6,150,73650
20240103,09:44:11,0.7,100,73650
20240103,09:44:13,0.65,1050,73650
20240103,09:44:16,0.7,4000,73650
20240103,09:44:18,0.7,50,73650
20240103,09:44:35,0.65,50,73650
20240103,09:44:40,0.65,1350,63800
20240103,09:44:58,0.6,850,63800
20240103,09:45:00,0.6,250,63800
20240103,09:45:19,0.6,100,63800
20240103,09:45:20,0.6,300,63800
20240103,09:45:22,0.6,50,63800
20240103,09:45:23,0.65,50,63800
20240103,09:45:25,0.65,50,63800
20240103,09:46:11,0.55,100,63800
20240103,09:48:14,0.55,500,63800
20240103,09:50:14,0.55,250,61950
20240103,09:54:31,0.65,400,61950
20240103,09:55:08,0.65,2300,62200
20240103,09:55:09,0.7,2000,62200
20240103,09:55:42,0.7,1400,62200
20240103,09:56:07,0.7,1800,62200
20240103,09:56:20,0.65,950,62200
20240103,09:56:29,0.65,550,62200
20240103,09:56:30,0.65,50,62200
20240103,09:56:34,0.7,300,62200
20240103,09:57:01,0.7,250,67500
20240103,09:57:20,0.7,150,67500
20240103,09:57:29,0.65,200,67500
20240103,09:57:45,0.65,100,67500
20240103,09:58:02,0.65,250,67500
20240103,09:58:02,0.7,2150,67500
20240103,09:58:03,0.8,5450,67500
20240103,09:58:05,0.7,800,67500
20240103,09:58:18,0.7,250,67500
20240103,09:59:18,0.65,750,67500
20240103,09:59:28,0.65,800,67500
20240103,10:00:02,0.6,50,73100
20240103,10:00:17,0.65,50,73100
20240103,10:01:38,0.7,600,73100
20240103,10:06:34,0.7,250,73100
20240103,10:07:56,0.7,150,72650
20240103,10:13:31,0.65,1950,72900
20240103,10:13:41,0.65,50,72900
20240103,10:15:02,0.65,300,71350
20240103,10:22:40,0.65,2650,71650
20240103,10:25:12,0.6,400,71650
20240103,10:25:13,0.65,250,69550
20240103,10:25:18,0.6,100,69550
20240103,10:25:28,0.65,400,69550
20240103,10:29:55,0.7,650,69400
20240103,10:30:02,0.65,2250,69400
20240103,10:30:03,0.65,300,69400
20240103,10:30:07,0.7,400,69400
20240103,10:30:07,0.7,1800,69400
20240103,10:30:14,0.7,200,69400
20240103,10:30:15,0.7,250,69400
20240103,10:30:35,0.65,500,69400
20240103,10:30:40,0.65,500,69400
20240103,10:30:48,0.65,500,69400
20240103,10:31:47,0.65,300,69400
20240103,10:32:24,0.65,300,69400
20240103,10:32:30,0.65,50,69400
20240103,10:32:51,0.65,50,69400
20240103,10:35:12,0.65,600,71450
20240103,10:35:13,0.8,5400,71450
20240103,10:35:16,0.8,2450,71450
20240103,10:35:16,0.8,500,71450
20240103,10:35:17,0.8,950,71450
20240103,10:35:22,0.8,200,71450
20240103,10:35:29,0.8,300,71450
20240103,10:35:29,0.85,2100,71450
20240103,10:35:34,0.9,650,71450
20240103,10:35:35,0.85,750,71450
20240103,10:35:36,0.9,350,71450
20240103,10:35:38,0.9,1200,71450
20240103,10:35:53,0.85,200,71450
20240103,10:36:03,0.9,50,79150
20240103,10:36:04,0.9,3050,79150
20240103,10:36:11,0.95,1400,79150
20240103,10:36:17,0.95,200,79150
20240103,10:38:11,0.85,250,79150
20240103,10:38:39,0.85,50,79150
20240103,10:38:54,0.85,300,79150
20240103,10:38:55,0.85,50,82400
20240103,10:39:07,0.8,250,82400
20240103,10:39:09,0.8,200,82400
20240103,10:39:13,0.75,1600,82400
20240103,10:39:15,0.75,250,82400
20240103,10:39:16,0.75,250,82400
20240103,10:39:40,0.75,250,82400
20240103,10:41:03,0.85,250,82400
20240103,10:41:15,0.85,250,82400
20240103,10:41:31,0.8,300,82400
20240103,10:42:38,0.75,1200,82400
20240103,10:42:39,0.8,600,82550
20240103,10:42:41,0.8,50,82550
20240103,10:42:51,0.75,250,82550
20240103,10:42:59,0.75,300,82550
20240103,10:43:00,0.75,1700,82550
20240103,10:43:03,0.75,50,82550
20240103,10:46:25,0.65,50,82550
20240103,10:47:53,0.65,1000,82650
20240103,10:48:05,0.65,200,82700
20240103,10:53:00,0.65,100,83550
20240103,10:53:06,0.65,250,83550
20240103,10:53:11,0.65,50,83550
20240103,10:53:21,0.6,400,83550
20240103,10:53:48,0.65,250,83450
20240103,10:56:55,0.6,350,83200
20240103,10:57:11,0.65,300,83200
20240103,10:58:41,0.65,800,83200
20240103,10:58:50,0.65,250,83200
20240103,10:58:55,0.65,200,83200
20240103,11:02:26,0.7,50,83200
20240103,11:09:27,0.7,50,82250
20240103,11:09:27,0.7,50,82300
20240103,11:11:58,0.65,100,82350
20240103,11:13:03,0.65,500,82350
20240103,11:13:08,0.65,550,82350
20240103,11:18:58,0.7,1450,82350
20240103,11:19:03,0.7,50,82450
20240103,11:19:06,0.7,2000,82450
20240103,11:19:10,0.7,4250,82450
20240103,11:19:10,0.75,4400,82450
20240103,11:19:18,0.75,50,82450
20240103,11:20:11,0.75,4450,82450
20240103,11:20:12,0.75,3950,82450
20240103,11:20:25,0.7,250,82450
20240103,11:20:27,0.75,5000,82450
20240103,11:22:35,0.75,500,97850
20240103,11:22:46,0.8,1800,97850
20240103,11:23:04,0.75,250,97850
20240103,11:23:05,0.75,50,97850
20240103,11:24:10,0.8,2450,99650
20240103,11:28:21,0.8,250,101650
20240103,11:30:03,0.8,1050,101650
20240103,11:30:12,0.8,50,101650
20240103,11:30:13,0.8,750,101650
20240103,11:34:52,0.75,100,101750
20240103,11:34:56,0.75,400,101750
20240103,11:49:37,0.8,250,102200
20240103,11:51:01,0.8,250,102200
20240103,11:51:01,0.8,50,101950
20240103,11:51:19,0.85,500,101950
20240103,11:51:28,0.9,1000,101950
20240103,11:52:13,0.9,300,101950
20240103,11:55:34,0.85,50,103400
20240103,11:56:00,0.85,50,103400
20240103,11:57:19,0.75,500,103450
20240103,11:57:42,0.8,150,103450
20240103,11:57:43,0.8,50,103450
20240103,12:04:19,0.8,50,103500
20240103,12:10:52,0.75,600,103500
20240103,12:10:52,0.75,400,103500
20240103,12:11:10,0.75,250,103500
20240103,12:13:07,0.75,200,103500
20240103,12:13:09,0.75,150,102800
20240103,12:13:13,0.75,50,102800
20240103,12:16:55,0.75,150,102800
20240103,12:21:34,0.7,1100,103200
20240103,12:22:27,0.75,50,103350
20240103,12:27:02,0.65,1950,104150
20240103,12:27:05,0.6,2450,104150
20240103,12:27:06,0.65,50,104150
20240103,12:27:12,0.6,100,104150
20240103,12:27:16,0.6,450,104150
20240103,12:27:48,0.6,1500,104150
20240103,12:28:33,0.6,550,104150
20240103,12:28:38,0.6,50,104150
20240103,12:29:06,0.55,3200,104150
20240103,12:31:29,0.65,50,98050
20240103,12:43:43,0.6,50,98050
20240103,12:49:16,0.6,250,98050
20240103,12:49:39,0.65,2250,98000
20240103,12:50:00,0.7,300,98000
20240103,12:50:01,0.8,2550,98000
20240103,12:50:57,0.75,300,98000
20240103,12:52:15,0.75,300,99250
20240103,12:52:56,0.7,200,99250
20240103,12:54:28,0.7,1400,99250
20240103,12:54:29,0.75,3150,99100
20240103,12:54:30,0.8,1750,99100
20240103,12:54:31,0.75,300,99100
20240103,12:54:39,0.8,4950,99100
20240103,12:55:33,0.8,1800,99100
20240103,12:56:17,0.8,200,99100
20240103,12:56:53,0.85,400,99100
20240103,12:56:56,0.9,2450,99100
20240103,12:56:56,0.95,2600,99100
20240103,12:56:58,0.95,4700,99100
20240103,12:57:00,0.95,200,99100
20240103,12:57:01,0.9,100,115450
20240103,12:57:11,0.9,150,115450
20240103,12:57:58,0.8,450,115450
20240103,12:58:30,0.8,550,115450
20240103,13:00:59,0.85,400,116300
20240103,13:04:16,0.85,150,116450
20240103,13:04:20,0.9,1600,116450
20240103,13:04:33,0.9,2600,116450
20240103,13:04:34,0.9,800,116450
20240103,13:04:35,0.9,500,116450
20240103,13:04:40,0.8,1000,116450
20240103,13:04:57,0.9,1400,116450
20240103,13:04:58,0.8,250,116450
20240103,13:10:55,0.75,6850,121200
20240103,13:10:56,0.75,450,121200
20240103,13:10:57,0.75,350,121200
20240103,13:10:58,0.75,200,121200
20240103,13:11:00,0.75,50,121200
20240103,13:11:01,0.75,50,121200
20240103,13:11:45,0.8,250,121200
20240103,13:11:46,0.75,750,121200
20240103,13:12:00,0.8,300,121200
20240103,13:13:04,0.8,300,121200
20240103,13:14:59,0.8,250,123150
20240103,13:15:09,0.75,1200,122850
20240103,13:16:16,0.7,1050,122850
20240103,13:16:20,0.7,50,122850
20240103,13:16:42,0.75,250,122850
20240103,13:20:52,0.7,150,122850
20240103,13:21:18,0.7,250,122600
20240103,13:21:21,0.7,50,122600
20240103,13:23:36,0.7,1250,122600
20240103,13:24:21,0.7,300,122600
20240103,13:24:58,0.7,400,122100
20240103,13:25:10,0.7,100,122100
20240103,13:25:27,0.7,600,122100
20240103,13:34:09,0.75,50,122100
20240103,13:47:06,0.7,500,121450
20240103,13:47:07,0.7,600,121450
20240103,13:47:13,0.7,100,121450
20240103,13:50:18,0.7,500,122300
20240103,13:55:35,0.65,400,121800
20240103,13:55:37,0.65,100,121800
20240103,13:55:40,0.6,1900,121800
20240103,13:55:41,0.6,50,121800
20240103,13:56:03,0.6,600,121800
20240103,13:57:41,0.6,300,119950
20240103,13:59:53,0.6,150,119950
20240103,14:00:17,0.6,200,119650
20240103,14:09:47,0.65,250,119650
20240103,14:12:06,0.65,200,119650
20240103,14:12:11,0.65,150,119650
20240103,14:16:12,0.6,250,119250
20240103,14:16:57,0.55,1900,119150
20240103,14:20:49,0.55,100,119150
20240103,14:26:12,0.5,1200,117800
20240103,14:27:29,0.5,200,119000
20240103,14:27:44,0.4,4150,119000
20240103,14:27:47,0.4,50,119000
20240103,14:27:47,0.45,1450,119000
20240103,14:27:49,0.45,50,119000
20240103,14:27:58,0.4,550,119000
20240103,14:32:39,0.5,700,114100
20240103,14:34:29,0.45,600,114100
20240103,14:34:48,0.45,100,113450
20240103,14:34:55,0.45,200,113450
20240103,14:35:28,0.45,100,113450
20240103,14:35:42,0.35,250,113450
20240103,14:37:12,0.35,500,113900
20240103,14:38:44,0.35,1950,113900
20240103,14:38:49,0.35,200,113900
20240103,14:39:00,0.35,700,113900
20240103,14:39:08,0.4,250,113900
20240103,14:39:12,0.4,350,113900
20240103,14:39:22,0.35,50,111050
20240103,14:39:24,0.4,900,111050
20240103,14:43:06,0.4,150,110600
20240103,14:43:16,0.4,150,110600
20240103,14:43:26,0.4,800,110600
20240103,14:43:26,0.35,1800,110600
20240103,14:43:31,0.35,800,110600
20240103,14:44:43,0.35,150,110600
20240103,14:46:02,0.4,500,110600
20240103,14:46:08,0.4,500,108200
20240103,14:48:19,0.4,300,107800
20240103,14:55:06,0.4,300,107800
20240103,14:55:07,0.4,1500,107800
20240103,14:55:52,0.45,850,107800
20240103,14:55:54,0.45,1000,107800
20240103,14:55:59,0.5,2250,107800
20240103,14:56:00,0.5,550,107800
20240103,14:56:08,0.5,50,107800
20240103,14:56:13,0.5,1850,107800
20240103,14:56:14,0.5,50,107800
20240103,15:05:36,0.35,600,107800
20240103,15:10:57,0.4,200,113100
20240103,15:14:05,0.4,300,113150
20240103,15:15:07,0.35,300,113150
20240103,15:15:37,0.35,100,113150
20240103,15:16:31,0.35,50,113250
20240103,15:16:38,0.35,300,113250
20240103,15:18:17,0.35,100,113250
20240103,15:25:42,0.2,2300,113250
20240103,15:29:31,0.2,50,112300
20240103,15:29:32,0.4,50,112300
20240104,09:15:01,0.3,1,112300
20240104,09:15:01,0.3,200,112300
20240104,09:15:05,0.3,50,112250
20240104,09:15:07,0.3,100,112250
20240104,09:15:08,0.25,250,112250
20240104,09:15:10,0.25,700,112250
20240104,09:15:11,0.25,200,112250
20240104,09:15:12,0.25,50,112250
20240104,09:15:37,0.25,100,112250
20240104,09:15:38,0.3,250,112250
20240104,09:16:20,0.25,50,112250
20240104,09:16:27,0.3,250,112250
20240104,09:16:44,0.3,50,112250
20240104,09:16:45,0.3,2700,112250
20240104,09:16:47,0.25,300,112250
20240104,09:16:53,0.25,1450,112250
20240104,09:16:54,0.3,50,112250
20240104,09:16:56,0.25,50,112250
20240104,09:17:13,0.25,200,112250
20240104,09:17:15,0.25,1000,112250
20240104,09:17:21,0.25,50,110900
20240104,09:17:40,0.3,500,110900
20240104,09:18:03,0.3,500,110900
20240104,09:20:19,0.3,50,110900
20240104,09:20:41,0.3,500,110900
20240104,09:21:46,0.25,350,111950
20240104,09:22:15,0.25,300,111950
20240104,09:22:37,0.3,100,111950
20240104,09:23:21,0.25,350,112350
20240104,09:23:25,0.25,50,112350
20240104,09:24:40,0.25,1500,112350
20240104,09:26:02,0.25,1300,112350
20240104,09:26:16,0.25,100,112350
20240104,09:27:02,0.25,1000,112350
20240104,09:27:16,0.25,250,112350
20240104,09:27:52,0.25,500,112350
20240104,09:27:59,0.2,1100,112350
20240104,09:28:00,0.2,50,112350
20240104,09:28:01,0.2,450,112350
20240104,09:28:02,0.2,100,112350
20240104,09:28:05,0.2,300,112350
20240104,09:28:10,0.2,350,112350
20240104,09:28:12,0.25,50,112350
20240104,09:28:16,0.2,450,112350
20240104,09:28:18,0.25,100,112350
20240104,09:28:22,0.2,400,112350
20240104,09:28:41,0.25,50,112350
20240104,09:28:44,0.25,300,112350
20240104,09:28:46,0.25,200,112350
20240104,09:29:20,0.25,350,112350
20240104,09:29:22,0.2,450,112350
20240104,09:29:36,0.25,50,111050
20240104,09:29:49,0.25,50,111050
20240104,09:29:59,0.25,50,111050
20240104,09:30:00,0.25,500,111050
20240104,09:30:04,0.25,50,111050
20240104,09:30:08,0.25,50,111050
20240104,09:30:09,0.2,300,111050
20240104,09:30:15,0.2,150,111050
20240104,09:30:37,0.2,400,111050
20240104,09:30:38,0.15,1800,111050
20240104,09:30:49,0.15,1800,111050
20240104,09:30:54,0.15,1800,111050
20240104,09:31:35,0.15,1800,111050
20240104,09:31:59,0.15,50,111050
20240104,09:32:58,0.15,5400,109050
20240104,09:33:02,0.15,200,109050
20240104,09:33:04,0.15,350,109050
20240104,09:33:05,0.1,2000,109050
20240104,09:33:10,0.1,100,109050
20240104,09:33:16,0.15,400,109050
20240104,09:33:19,0.2,50,109050
20240104,09:33:20,0.15,400,109050
20240104,09:33:26,0.15,500,109050
20240104,09:34:22,0.15,100,109050
20240104,09:34:29,0.15,450,109050
20240104,09:36:23,0.15,400,103100
20240104,09:36:43,0.1,2200,103100
20240104,09:36:44,0.15,500,103100
20240104,09:38:18,0.15,50,103100
20240104,09:39:38,0.15,2250,103100
20240104,09:39:41,0.15,1100,100850
20240104,09:40:16,0.1,1950,100850
20240104,09:42:10,0.15,1150,98650
20240104,09:43:43,0.1,1800,98650
20240104,09:44:02,0.15,600,98650
20240104,09:44:04,0.1,1800,98650
20240104,09:45:51,0.2,2450,98650
20240104,09:45:56,0.1,1800,95250
20240104,09:45:56,0.15,100,95250
20240104,09:46:09,0.1,3600,95250
20240104,09:47:18,0.15,450,95250
20240104,09:47:28,0.15,50,95250
20240104,09:47:35,0.1,2300,95250
20240104,09:47:44,0.1,3650,95250
20240104,09:48:11,0.15,500,95250
20240104,09:50:31,0.1,3600,94750
20240104,09:57:41,0.1,3600,94750
20240104,09:57:42,0.1,3600,94750
20240104,09:57:45,0.1,3600,94750
20240104,09:58:33,0.1,3600,94750
20240104,09:58:35,0.1,3600,94750
20240104,09:58:45,0.1,3600,94750
20240104,09:58:46,0.1,3600,94750
20240104,09:58:52,0.1,3600,94750
20240104,09:58:54,0.1,1800,94750
20240104,09:58:56,0.1,4050,94750
20240104,09:58:57,0.05,3650,94750
20240104,09:58:58,0.05,4000,94750
20240104,09:59:02,0.05,1800,94750
20240104,09:59:03,0.05,50,94750
20240104,09:59:04,0.05,3600,94750
20240104,09:59:09,0.1,1850,94750
20240104,09:59:10,0.05,3600,94750
20240104,09:59:11,0.05,1800,94750
20240104,09:59:13,0.1,1950,94750
20240104,09:59:15,0.1,2200,94750
20240104,09:59:19,0.05,1800,94750
20240104,09:59:21,0.05,1800,94750
20240104,09:59:23,0.05,1800,94750
20240104,09:59:25,0.05,3600,94750
20240104,09:59:44,0.1,4000,91550
20240104,09:59:56,0.1,200,91550
20240104,10:00:10,0.1,100,91550
20240104,10:00:21,0.1,50,91550
20240104,10:00:22,0.1,600,91550
20240104,10:02:09,0.05,600,91550
20240104,10:02:32,0.05,100,91550
20240104,10:05:22,0.05,300,83000
20240104,10:05:42,0.1,50,83000
20240104,10:05:47,0.1,5400,83000
20240104,10:07:02,0.1,1600,83000
20240104,10:07:02,0.1,500,83000
20240104,10:08:09,0.1,1800,83000
20240104,10:08:10,0.1,3600,83000
20240104,10:08:11,0.1,2100,83000
20240104,10:10:45,0.1,200,71150
20240104,10:14:23,0.05,500,70950
20240104,10:15:25,0.1,2300,70950
20240104,10:15:40,0.1,200,70950
20240104,10:16:35,0.1,1800,70950
20240104,10:16:36,0.1,1800,70950
20240104,10:16:37,0.1,1400,70950
20240104,10:20:04,0.05,150,63450
20240104,10:20:10,0.1,400,63450
20240104,10:30:10,0.1,100,63450
20240104,10:30:14,0.1,300,63050
20240104,10:37:21,0.05,50,62650
20240104,10:38:44,0.1,400,62650
20240104,10:40:11,0.1,1000,62650
20240104,10:40:14,0.1,1000,62650
20240104,10:40:18,0.1,1000,62650
20240104,10:40:20,0.1,1000,62650
20240104,10:40:25,0.1,50,62650
20240104,10:41:07,0.1,250,62650
20240104,10:51:06,0.1,50,62650
20240104,11:01:23,0.05,350,62300
20240104,11:01:24,0.05,50,62300
20240104,11:01:24,0.05,200,62300
20240104,11:19:07,0.1,250,62300
20240104,11:19:10,0.1,1000,62300
20240104,11:19:55,0.05,50,62300
20240104,11:20:02,0.1,250,62300
20240104,11:25:10,0.1,250,61050
20240104,11:29:55,0.1,600,61050
20240104,11:31:54,0.1,300,61050
20240104,11:33:15,0.05,150,61050
20240104,11:47:29,0.1,250,60300
20240104,11:48:39,0.05,50,60300
20240104,11:50:05,0.1,250,60300
20240104,11:50:19,0.1,300,60300
20240104,11:53:10,0.1,250,60300
20240104,12:07:38,0.1,1800,60300
20240104,12:11:16,0.05,50,58500
20240104,12:11:20,0.05,1750,58500
20240104,12:11:23,0.05,1800,58500
20240104,12:14:16,0.05,50,58500
20240104,12:14:25,0.05,650,58450
20240104,12:18:44,0.05,50,58450
20240104,12:18:55,0.05,350,58450
20240104,12:19:38,0.05,850,58450
20240104,12:19:40,0.05,50,58450
20240104,12:19:41,0.05,50,58450
20240104,12:19:42,0.05,50,58450
20240104,12:19:45,0.05,50,58450
20240104,12:19:46,0.05,50,58450
20240104,12:20:41,0.05,250,58450
20240104,12:24:06,0.05,250,58450
20240104,12:24:23,0.05,300,58300
20240104,12:24:24,0.05,250,58300
20240104,12:24:36,0.05,600,58300
20240104,12:24:38,0.05,50,58300
20240104,12:24:39,0.05,50,58300
20240104,12:24:40,0.05,100,58300
20240104,12:24:42,0.05,50,58300
20240104,12:46:26,0.05,2750,58300
20240104,12:48:51,0.05,350,58300
20240104,14:09:05,0.05,800,55550
20240104,14:19:59,0.05,300,54400
20240104,14:20:14,0.05,250,54400
20240104,15:01:53,0.05,50,54400
