date,time,tick_price,volume,open_interest
20231212,14:35:48,923.45,50,50
20231220,11:30:29,469.9,1,50
20231220,11:30:29,469.9,50,50
20231220,13:17:50,550.2,50,100
20231220,13:18:20,550.2,50,150
20231220,13:45:32,602.25,50,100
20231226,10:03:15,595.0,1,100
20231226,10:03:15,595.0,500,100
20231226,10:29:06,573.95,150,600
20231226,10:31:12,573.95,50,650
20231226,10:38:50,562.1,50,600
20231226,10:39:35,554.05,400,600
20231226,10:40:33,546.15,400,600
20231226,10:40:52,544.6,100,600
20231226,10:42:40,544.6,50,1050
20231226,10:46:11,545.25,100,1050
20231226,10:46:38,543.35,100,1050
20231226,10:50:24,543.35,100,1250
20231226,10:52:13,553.35,100,1350
20231226,10:59:21,563.15,50,1450
20231226,11:00:21,560.9,400,1500
20231226,11:01:31,566.45,50,1500
20231226,11:13:23,554.65,50,1900
20231226,11:22:56,570.95,50,1900
20231226,11:32:33,576.75,50,1900
20231226,11:36:13,561.45,50,1950
20231226,11:36:29,561.55,50,1950
20231226,12:01:10,551.0,200,1950
20231226,12:11:23,551.8,50,1950
20231226,12:23:08,553.55,50,2000
20231226,12:54:50,585.0,200,2050
20231226,13:02:01,577.15,50,2050
20231226,13:04:05,606.0,50,2000
20231226,13:29:38,606.0,150,2000
20231226,13:30:13,580.0,300,2150
20231226,13:31:41,582.9,50,2150
20231226,13:33:27,575.55,450,2250
20231226,14:15:16,585.5,300,2700
20231226,14:21:11,551.0,200,2700
20231226,14:30:33,552.85,50,2900
20231226,14:57:15,581.0,200,2950
20231226,14:59:59,576.1,50,2950
20231226,15:10:02,590.9,100,2900
20231226,15:11:02,589.65,100,2900
20231226,15:26:44,551.0,200,2900
20231227,09:20:28,506.05,1,3100
20231227,09:20:28,506.05,50,3100
20231227,09:22:18,518.0,100,3100
20231227,09:26:37,518.0,50,3100
20231227,09:31:20,499.0,200,3100
20231227,09:32:16,499.0,50,3100
20231227,09:33:55,499.0,100,3300
20231227,09:39:08,496.75,150,3200
20231227,09:39:13,495.65,50,3200
20231227,09:39:40,493.85,50,3200
20231227,09:55:41,478.0,50,3400
20231227,09:56:11,477.25,100,3400
20231227,09:59:07,477.25,400,3500
20231227,09:59:12,480.75,100,3500
20231227,10:03:36,485.0,50,4000
20231227,10:04:42,484.25,200,4000
20231227,10:05:10,484.2,50,4000
20231227,10:06:25,485.0,50,4300
20231227,10:08:09,475.0,500,4300
20231227,10:10:28,475.0,50,4850
20231227,10:19:28,485.55,50,4900
20231227,10:30:48,459.55,50,4900
20231227,10:31:28,459.55,450,4900
20231227,10:31:29,460.25,850,4900
20231227,10:40:59,469.35,50,3600
20231227,10:42:30,475.0,50,3650
20231227,10:47:18,482.7,50,3650
20231227,10:51:19,472.3,50,3650
20231227,11:00:55,476.25,50,3650
20231227,11:04:48,476.7,50,3700
20231227,11:35:33,463.55,300,3750
20231227,11:39:45,459.95,650,3800
20231227,11:40:15,461.5,50,3800
20231227,11:41:55,458.1,50,3800
20231227,11:45:30,458.1,300,4450
20231227,11:47:39,469.4,50,4450
20231227,11:54:53,470.25,200,4400
20231227,11:55:59,470.95,200,4400
20231227,11:59:43,464.95,100,4800
20231227,12:01:45,459.9,50,4900
20231227,12:03:04,463.3,50,4950
20231227,12:05:44,451.0,600,4950
20231227,12:06:14,450.85,50,4900
20231227,12:09:18,448.3,50,4950
20231227,12:14:27,448.3,50,5000
20231227,12:15:01,457.7,250,5150
20231227,12:15:02,457.65,350,5150
20231227,12:15:41,462.85,300,5150
20231227,12:18:49,470.1,300,5950
20231227,12:24:36,496.15,250,6250
20231227,12:26:29,491.8,100,6250
20231227,12:31:20,511.0,100,6600
20231227,12:38:58,479.75,350,6600
20231227,12:42:33,485.7,50,6950
20231227,12:53:28,465.95,100,6950
20231227,12:59:20,469.25,300,6850
20231227,13:10:39,493.45,200,6850
20231227,13:16:39,486.0,600,7050
20231227,13:16:50,486.8,700,7050
20231227,13:27:09,481.4,50,7050
20231227,13:45:54,488.0,150,7400
20231227,13:49:43,474.8,50,7400
20231227,13:50:32,473.55,50,7400
20231227,14:15:05,466.4,50,7450
20231227,14:15:37,466.5,50,7500
20231227,14:16:13,471.85,50,7500
20231227,14:16:36,474.15,50,7500
20231227,14:19:15,459.0,50,7500
20231227,14:20:51,462.1,50,7500
20231227,14:27:08,467.9,50,7500
20231227,14:27:10,467.25,100,7500
20231227,14:36:44,451.0,100,7400
20231227,14:38:16,448.1,50,7400
20231227,14:38:18,446.45,50,7400
20231227,14:39:41,444.95,100,7450
20231227,14:39:46,443.9,50,7450
20231227,14:40:22,438.25,200,7450
20231227,14:40:49,437.05,50,7450
20231227,14:44:01,433.75,100,7750
20231227,14:45:11,434.35,50,7750
20231227,14:47:30,430.9,50,7800
20231227,14:48:01,430.9,50,7800
20231227,14:48:39,430.0,50,7800
20231227,14:49:55,427.35,50,7800
20231227,14:53:17,427.35,50,7850
20231227,14:56:06,437.45,50,7850
20231227,15:00:07,433.4,50,7850
20231227,15:01:43,401.2,450,7900
20231227,15:01:47,397.05,450,7900
20231227,15:02:10,400.25,150,7900
20231227,15:03:23,388.25,50,7900
20231227,15:04:29,385.65,400,8150
20231227,15:04:49,385.65,50,8150
20231227,15:05:45,382.4,50,8150
20231227,15:06:43,382.4,50,8550
20231227,15:06:45,381.0,50,8550
20231227,15:07:10,370.45,50,8550
20231227,15:07:29,369.0,250,8550
20231227,15:07:34,369.0,100,8550
20231227,15:08:03,363.55,50,8550
20231227,15:08:22,363.55,300,8550
20231227,15:08:34,364.45,250,8550
20231227,15:09:28,370.9,100,9250
20231227,15:09:30,371.0,100,9250
20231227,15:09:57,373.1,100,9250
20231227,15:09:58,373.05,250,9250
20231227,15:10:05,373.8,100,9250
20231227,15:10:50,372.55,100,9250
20231227,15:11:19,374.7,50,9250
20231227,15:11:23,374.8,150,9250
20231227,15:11:24,374.75,50,9250
20231227,15:11:34,374.1,100,9250
20231227,15:11:51,371.7,50,9250
20231227,15:12:29,367.65,50,9550
20231227,15:12:31,365.95,150,9550
20231227,15:12:43,364.8,50,9550
20231227,15:12:46,365.9,50,9550
20231227,15:13:07,365.3,100,9550
20231227,15:13:09,365.8,100,9550
20231227,15:13:11,365.5,50,9550
20231227,15:13:17,368.5,50,9550
20231227,15:15:04,377.7,100,9550
20231227,15:15:07,378.45,50,9550
20231227,15:15:16,377.55,50,9550
20231227,15:15:18,376.75,150,9550
20231227,15:15:19,376.9,150,9550
20231227,15:16:17,377.85,50,10100
20231227,15:18:42,378.5,50,10150
20231227,15:19:06,378.0,50,10150
20231227,15:20:00,378.85,100,10150
20231227,15:20:08,380.0,750,10150
20231227,15:20:29,379.5,50,10150
20231227,15:22:05,378.65,50,10700
20231227,15:22:12,379.05,400,10700
20231227,15:22:22,381.6,50,10700
20231227,15:22:32,380.65,100,10700
20231227,15:22:47,381.2,50,10700
20231227,15:22:50,383.35,350,10700
20231227,15:23:02,384.3,50,10700
20231227,15:23:33,387.0,50,10700
20231227,15:23:48,385.75,50,10700
20231227,15:24:29,383.1,150,11500
20231227,15:25:44,381.0,50,11500
20231227,15:26:06,380.8,150,11500
20231227,15:26:12,381.9,50,11500
20231227,15:26:53,378.6,50,11500
20231227,15:27:18,377.95,50,11500
20231227,15:27:48,375.6,50,11750
20231227,15:27:50,376.6,50,11750
20231227,15:29:14,379.35,50,11750
20231228,09:15:49,354.95,1,11900
20231228,09:15:49,354.95,150,11900
20231228,09:15:57,356.0,500,11900
20231228,09:16:30,356.0,50,11900
20231228,09:16:32,347.05,50,11900
20231228,09:16:45,342.7,700,11900
20231228,09:16:54,342.7,50,11900
20231228,09:17:06,342.7,500,11900
20231228,09:17:39,342.05,50,11900
20231228,09:17:47,342.05,100,13000
20231228,09:17:48,344.65,50,13000
20231228,09:18:03,344.65,100,13000
20231228,09:18:16,344.35,100,13000
20231228,09:19:03,344.6,50,13000
20231228,09:19:08,345.45,50,13000
20231228,09:19:35,347.0,100,13000
20231228,09:19:49,347.5,1000,13000
20231228,09:19:51,346.6,50,13000
20231228,09:19:54,344.7,100,13000
20231228,09:19:56,346.95,1100,13000
20231228,09:20:00,344.45,100,13000
20231228,09:20:02,345.0,1000,13000
20231228,09:20:10,343.45,1000,13000
20231228,09:20:13,342.1,600,13000
20231228,09:20:15,341.35,50,13000
20231228,09:20:16,341.35,1000,13000
20231228,09:20:23,339.3,1000,13000
20231228,09:20:30,335.65,1000,13000
20231228,09:20:40,334.25,400,13000
20231228,09:20:43,333.1,350,13000
20231228,09:20:48,331.5,550,21850
20231228,09:20:50,330.0,150,21850
20231228,09:20:51,330.0,50,21850
20231228,09:20:53,331.2,250,21850
20231228,09:20:56,329.7,50,21850
20231228,09:21:06,329.7,300,21850
20231228,09:21:08,329.6,50,21850
20231228,09:21:14,329.5,250,21850
20231228,09:21:19,329.2,300,21850
20231228,09:21:21,328.45,800,21850
20231228,09:21:26,328.15,1000,21850
20231228,09:21:29,328.8,50,21850
20231228,09:21:34,329.75,1000,21850
20231228,09:21:42,330.5,1000,21850
20231228,09:21:48,329.25,1000,21850
20231228,09:22:05,328.8,50,21850
20231228,09:22:11,327.55,50,21850
20231228,09:22:28,327.15,50,21850
20231228,09:22:39,326.65,50,21850
20231228,09:22:49,326.65,100,21850
20231228,09:22:56,327.3,50,21850
20231228,09:23:03,328.3,50,21850
20231228,09:23:06,328.15,400,21850
20231228,09:23:22,330.4,50,21850
20231228,09:23:29,331.8,300,21850
20231228,09:23:32,331.55,250,21850
20231228,09:23:34,330.0,1050,21850
20231228,09:23:37,328.3,50,21850
20231228,09:23:47,326.95,1800,21850
20231228,09:23:49,327.85,1800,21850
20231228,09:23:53,327.25,1050,32300
20231228,09:24:00,327.4,1050,32300
20231228,09:24:03,327.9,150,32300
20231228,09:24:05,327.25,50,32300
20231228,09:24:07,327.75,50,32300
20231228,09:24:18,326.9,300,32300
20231228,09:24:33,325.0,50,32300
20231228,09:24:58,325.0,50,32300
20231228,09:25:14,327.35,250,32300
20231228,09:25:58,329.45,50,32300
20231228,09:26:09,333.0,50,32300
20231228,09:27:41,329.95,50,32650
20231228,09:27:57,327.8,850,32650
20231228,09:28:17,328.35,350,32650
20231228,09:28:20,331.0,1000,32650
20231228,09:28:27,330.6,1000,32650
20231228,09:28:34,330.75,1000,32650
20231228,09:28:39,330.75,50,32650
20231228,09:28:40,331.7,1000,32650
20231228,09:28:47,331.15,1000,32650
20231228,09:28:54,332.4,1000,32650
20231228,09:28:55,332.35,50,32650
20231228,09:29:00,333.1,1000,32650
20231228,09:29:10,335.4,50,32650
20231228,09:29:34,335.4,50,32650
20231228,09:30:04,334.4,400,39550
20231228,09:30:09,334.7,450,39550
20231228,09:30:14,333.6,1000,39550
20231228,09:30:26,331.2,1000,39550
20231228,09:30:29,332.9,50,39550
20231228,09:30:34,333.45,1000,39550
20231228,09:30:41,334.65,1000,39550
20231228,09:30:47,332.55,100,39550
20231228,09:30:49,333.15,1000,39550
20231228,09:30:56,334.35,1000,39550
20231228,09:31:01,332.6,50,39550
20231228,09:31:04,332.6,1000,39550
20231228,09:31:11,332.9,1000,39550
20231228,09:31:12,332.85,1800,39550
20231228,09:31:21,332.25,50,39550
20231228,09:31:24,333.2,1000,39550
20231228,09:31:29,332.85,1800,39550
20231228,09:31:34,332.75,1000,39550
20231228,09:31:42,333.7,1000,39550
20231228,09:31:49,333.65,1000,39550
20231228,09:31:51,332.0,250,39550
20231228,09:31:56,333.3,1000,39550
20231228,09:32:04,333.9,1000,39550
20231228,09:32:09,334.95,1000,39550
20231228,09:32:14,333.05,100,39550
20231228,09:32:16,334.2,1000,39550
20231228,09:32:24,332.5,1000,39550
20231228,09:32:32,330.75,1000,39550
20231228,09:32:40,329.95,50,39550
20231228,09:32:42,331.0,1000,39550
20231228,09:32:48,331.45,1000,39550
20231228,09:32:56,331.0,1000,62000
20231228,09:33:03,330.75,1000,62000
20231228,09:33:08,329.15,50,62000
20231228,09:33:09,330.3,1000,62000
20231228,09:33:16,332.0,1000,62000
20231228,09:33:23,332.45,1000,62000
20231228,09:33:28,332.6,1000,62000
20231228,09:33:34,332.45,1000,62000
20231228,09:33:38,331.95,150,62000
20231228,09:33:39,333.3,1000,62000
20231228,09:33:48,332.3,1000,62000
20231228,09:33:54,333.75,1000,62000
20231228,09:34:01,333.75,1000,62000
20231228,09:34:08,335.3,1550,62000
20231228,09:34:14,335.25,1000,62000
20231228,09:34:19,337.15,1000,62000
20231228,09:34:26,345.6,550,62000
20231228,09:34:28,344.85,1800,62000
20231228,09:34:29,343.45,400,62000
20231228,09:34:31,346.25,1200,62000
20231228,09:34:36,345.5,1000,62000
20231228,09:34:39,342.8,350,62000
20231228,09:34:41,341.25,1000,62000
20231228,09:34:43,341.25,350,62000
20231228,09:34:49,341.95,1000,62000
20231228,09:34:53,336.7,200,62000
20231228,09:34:56,338.4,1250,62000
20231228,09:35:03,333.9,1000,62000
20231228,09:35:04,333.35,200,62000
20231228,09:35:09,333.85,1000,62000
20231228,09:35:14,339.5,1000,62000
20231228,09:35:18,340.0,150,62000
20231228,09:35:19,340.55,100,62000
20231228,09:35:51,340.15,50,62000
20231228,09:35:59,340.0,1000,83900
20231228,09:36:01,338.0,1000,83900
20231228,09:36:24,344.35,50,83900
20231228,09:36:28,341.95,1250,83900
20231228,09:36:56,338.45,100,83900
20231228,09:37:36,341.7,850,83900
20231228,09:38:11,341.5,1000,83900
20231228,09:38:29,341.5,500,83900
20231228,09:39:16,338.45,150,87400
20231228,09:39:24,336.7,850,87400
20231228,09:39:29,338.15,100,87400
20231228,09:39:32,334.95,50,87400
20231228,09:39:53,338.1,100,87400
20231228,09:41:01,341.0,500,87400
20231228,09:41:31,344.4,50,87400
20231228,09:41:59,343.0,100,88000
20231228,09:42:01,343.0,400,88000
20231228,09:42:04,343.1,300,88000
20231228,09:42:06,341.7,350,88000
20231228,09:42:39,339.0,300,88000
20231228,09:42:46,337.05,100,88000
20231228,09:42:54,329.0,350,88000
20231228,09:43:21,335.0,600,88000
20231228,09:43:38,332.8,200,88000
20231228,09:43:54,332.8,150,88000
20231228,09:44:09,332.7,500,88000
20231228,09:44:19,332.25,300,88000
20231228,09:44:32,332.0,50,88000
20231228,09:44:57,333.0,500,88550
20231228,09:44:59,333.0,200,88550
20231228,09:45:07,331.0,300,88550
20231228,09:45:10,332.2,50,88550
20231228,09:45:17,331.0,50,88550
20231228,09:45:32,332.5,100,88550
20231228,09:45:34,332.65,200,88550
20231228,09:46:27,332.5,200,88550
20231228,09:47:14,336.35,50,88550
20231228,09:47:24,336.0,900,88550
20231228,09:47:39,331.8,50,88550
20231228,09:47:49,325.0,250,88550
20231228,09:47:55,325.95,600,89600
20231228,09:48:02,327.6,650,89600
20231228,09:48:12,324.6,1100,89600
20231228,09:48:16,323.85,200,89600
20231228,09:48:29,323.85,200,89600
20231228,09:48:37,327.95,500,89600
20231228,09:48:41,326.5,200,89600
20231228,09:48:46,327.2,200,89600
20231228,09:49:04,328.35,250,89600
20231228,09:49:15,328.0,400,89600
20231228,09:50:20,324.55,200,89600
20231228,09:50:23,324.8,400,89600
20231228,09:50:43,324.0,100,89600
20231228,09:50:55,323.45,50,92100
20231228,09:50:57,323.45,50,92100
20231228,09:50:58,325.55,50,92100
20231228,09:51:02,325.5,50,92100
20231228,09:51:15,321.3,200,92100
20231228,09:51:20,321.3,50,92100
20231228,09:51:51,328.65,50,92100
20231228,09:52:14,328.5,50,92100
20231228,09:52:16,328.65,100,92100
20231228,09:52:19,328.25,200,92100
20231228,09:52:31,329.75,50,92100
20231228,09:52:32,329.5,200,92100
20231228,09:53:01,326.65,50,92100
20231228,09:54:04,329.25,150,92050
20231228,09:54:06,329.5,200,92050
20231228,09:54:07,328.8,100,92050
20231228,09:54:19,327.75,100,92050
20231228,09:54:21,328.65,200,92050
20231228,09:54:22,329.15,100,92050
20231228,09:55:06,328.2,150,92050
20231228,09:55:30,328.85,250,92050
20231228,09:55:38,330.45,50,92050
20231228,09:55:45,337.5,400,92050
20231228,09:55:46,341.0,1200,92050
20231228,09:55:48,340.0,550,92050
20231228,09:55:50,344.3,1750,92050
20231228,09:55:51,347.6,700,92050
20231228,09:55:56,342.45,600,92050
20231228,09:55:58,341.6,250,92050
20231228,09:56:03,339.6,700,92050
20231228,09:56:05,342.95,50,92050
20231228,09:56:16,335.9,200,92050
20231228,09:56:20,333.95,100,92050
20231228,09:56:30,337.15,350,92050
20231228,09:56:43,336.8,50,92050
20231228,09:57:21,338.4,50,89650
20231228,09:57:25,337.55,650,89650
20231228,09:57:40,339.65,100,89650
20231228,09:58:01,341.9,50,89650
20231228,09:58:10,337.5,200,89650
20231228,09:58:16,340.45,50,89650
20231228,09:58:18,341.15,350,89650
20231228,09:59:58,337.2,750,89850
20231228,10:00:08,334.05,50,89850
20231228,10:00:12,334.6,50,89850
20231228,10:01:12,339.4,50,89850
20231228,10:01:20,341.45,50,89850
20231228,10:01:52,343.0,200,89850
20231228,10:02:27,345.05,50,89850
20231228,10:03:01,348.25,50,89300
20231228,10:03:20,354.85,400,89300
20231228,10:03:21,360.0,700,89300
20231228,10:03:25,360.0,250,89300
20231228,10:03:26,364.2,450,89300
20231228,10:03:30,361.55,100,89300
20231228,10:03:35,357.7,250,89300
20231228,10:03:36,359.55,400,89300
20231228,10:03:43,359.95,300,89300
20231228,10:03:50,359.5,100,89300
20231228,10:03:51,357.0,50,89300
20231228,10:03:58,356.3,100,89300
20231228,10:04:01,356.0,150,89300
20231228,10:04:05,359.5,250,89300
20231228,10:04:14,357.9,100,89300
20231228,10:04:44,364.5,200,89300
20231228,10:04:47,363.0,50,89300
20231228,10:04:49,361.5,3600,89300
20231228,10:05:02,369.5,600,89300
20231228,10:05:05,369.5,50,89300
20231228,10:05:07,366.0,150,89300
20231228,10:05:22,366.8,550,89300
20231228,10:05:40,368.85,100,89300
20231228,10:05:42,368.0,100,89300
20231228,10:05:47,365.0,100,89300
20231228,10:05:57,364.45,50,83350
20231228,10:06:08,365.0,100,83350
20231228,10:06:15,367.85,150,83350
20231228,10:06:23,366.75,200,83350
20231228,10:06:28,367.0,150,83350
20231228,10:06:36,369.5,1200,83350
20231228,10:06:38,372.0,50,83350
20231228,10:06:39,372.55,850,83350
20231228,10:06:41,372.55,100,83350
20231228,10:06:49,372.7,150,83350
20231228,10:07:01,380.0,250,83350
20231228,10:07:04,380.0,400,83350
20231228,10:07:06,378.0,350,83350
20231228,10:07:07,379.75,50,83350
20231228,10:07:26,383.8,100,83350
20231228,10:07:27,383.8,100,83350
20231228,10:07:46,378.85,50,83350
20231228,10:07:49,377.15,100,83350
20231228,10:08:06,368.25,150,83350
20231228,10:08:09,365.65,150,83350
20231228,10:08:14,368.2,100,83350
20231228,10:08:21,366.4,400,83350
20231228,10:09:06,370.3,50,82850
20231228,10:09:32,368.15,50,82850
20231228,10:09:49,367.5,100,82850
20231228,10:10:22,347.6,50,82850
20231228,10:10:24,348.35,100,82850
20231228,10:10:44,353.55,100,82850
20231228,10:10:56,356.25,50,82850
20231228,10:11:09,365.9,100,82850
20231228,10:11:11,367.5,50,82850
20231228,10:11:16,368.2,150,82850
20231228,10:11:26,375.0,50,82850
20231228,10:11:31,373.55,50,82850
20231228,10:11:37,375.75,50,82850
20231228,10:11:46,375.75,50,82850
20231228,10:11:59,380.9,350,82800
20231228,10:12:04,378.45,150,82800
20231228,10:12:22,374.5,50,82800
20231228,10:12:24,375.65,100,82800
20231228,10:12:36,374.1,50,82800
20231228,10:14:24,373.95,50,82800
20231228,10:14:45,374.1,50,82800
20231228,10:16:40,365.45,200,82550
20231228,10:16:58,367.8,50,82550
20231228,10:17:31,363.85,1800,82550
20231228,10:17:34,364.8,250,82550
20231228,10:18:04,364.0,50,82500
20231228,10:18:07,360.05,100,82500
20231228,10:18:54,361.8,400,82500
20231228,10:19:20,365.4,200,82500
20231228,10:21:57,375.5,50,82750
20231228,10:22:04,378.3,100,82750
20231228,10:22:46,375.75,50,82750
20231228,10:24:14,365.1,100,82550
20231228,10:24:25,365.65,300,82550
20231228,10:25:24,355.4,150,82550
20231228,10:25:26,354.9,150,82550
20231228,10:26:11,364.3,250,82550
20231228,10:26:52,368.3,250,82550
20231228,10:27:00,368.0,500,82600
20231228,10:27:22,366.7,200,82600
20231228,10:27:30,364.3,50,82600
20231228,10:27:45,364.85,50,82600
20231228,10:28:08,365.15,150,82600
20231228,10:29:10,360.25,50,82600
20231228,10:29:23,365.35,50,82600
20231228,10:29:50,361.05,150,82600
20231228,10:29:51,359.45,50,82600
20231228,10:30:00,356.2,50,83350
20231228,10:30:22,350.4,50,83350
20231228,10:30:24,350.3,100,83350
20231228,10:30:30,350.15,500,83350
20231228,10:30:57,356.4,50,83350
20231228,10:31:54,359.35,50,83350
20231228,10:32:07,361.95,250,83350
20231228,10:32:21,361.2,50,83350
20231228,10:33:07,360.05,250,83400
20231228,10:33:31,356.4,250,83400
20231228,10:33:36,359.1,50,83400
20231228,10:34:37,358.4,50,83400
20231228,10:34:45,355.85,50,83400
20231228,10:35:45,361.15,50,83400
20231228,10:35:55,359.4,50,83400
20231228,10:35:57,359.75,500,83400
20231228,10:36:08,359.2,150,83700
20231228,10:36:35,371.5,400,83700
20231228,10:36:37,369.95,50,83700
20231228,10:36:39,369.6,50,83700
20231228,10:36:57,365.8,150,83700
20231228,10:37:30,369.75,50,83700
20231228,10:38:19,363.95,50,83700
20231228,10:39:08,366.7,250,83800
20231228,10:39:11,366.05,250,83800
20231228,10:39:30,366.0,50,83800
20231228,10:40:30,373.0,50,83800
20231228,10:40:32,373.8,100,83800
20231228,10:40:33,374.3,250,83800
20231228,10:40:35,375.0,100,83800
20231228,10:41:08,368.25,100,83800
20231228,10:42:00,368.2,50,84000
20231228,10:42:44,363.05,50,84000
20231228,10:43:16,362.9,150,84000
20231228,10:43:26,363.9,50,84000
20231228,10:43:33,365.25,250,84000
20231228,10:43:43,364.5,250,84000
20231228,10:44:05,370.0,50,84000
20231228,10:46:36,360.7,50,83850
20231228,10:47:23,360.7,50,83850
20231228,10:49:24,359.35,50,83900
20231228,10:49:36,359.7,50,83900
20231228,10:50:01,357.0,150,83900
20231228,10:50:19,354.9,50,83900
20231228,10:50:24,356.95,50,83900
20231228,10:50:55,354.7,50,83900
20231228,10:50:57,354.5,450,83900
20231228,10:51:32,357.75,250,84250
20231228,10:51:37,357.75,150,84250
20231228,10:52:29,358.5,650,84250
20231228,10:52:33,357.35,250,84250
20231228,10:52:34,358.55,250,84250
20231228,10:53:15,364.25,100,84250
20231228,10:54:25,367.7,50,84100
20231228,10:54:57,371.8,50,84100
20231228,10:54:58,372.0,50,84100
20231228,10:57:01,366.05,50,84050
20231228,10:58:10,375.0,50,84050
20231228,10:58:25,379.0,50,84050
20231228,10:58:41,377.4,50,84050
20231228,10:58:46,375.05,400,84050
20231228,10:58:55,371.4,50,84050
20231228,11:00:11,369.45,350,84600
20231228,11:00:38,374.9,50,84600
20231228,11:01:35,367.3,50,84600
20231228,11:02:40,369.5,50,84600
20231228,11:03:08,372.4,100,84850
20231228,11:03:13,370.25,150,84850
20231228,11:04:07,370.25,50,84850
20231228,11:04:10,371.05,50,84850
20231228,11:04:24,367.85,300,84850
20231228,11:05:13,371.2,50,84850
20231228,11:06:21,363.45,100,84850
20231228,11:06:26,365.3,50,85050
20231228,11:07:15,363.1,50,85050
20231228,11:07:42,361.65,50,85050
20231228,11:07:49,358.55,50,85050
20231228,11:07:55,352.55,400,85050
20231228,11:07:57,354.0,200,85050
20231228,11:08:00,351.0,50,85050
20231228,11:08:02,350.05,150,85050
20231228,11:08:09,348.2,100,85050
20231228,11:08:35,346.95,150,85050
20231228,11:08:43,341.75,50,85050
20231228,11:08:55,337.5,2400,85050
20231228,11:08:56,338.65,2450,85050
20231228,11:08:58,339.4,150,85050
20231228,11:09:06,327.95,350,90350
20231228,11:09:08,327.2,100,90350
20231228,11:09:11,327.65,350,90350
20231228,11:09:14,329.7,50,90350
20231228,11:09:49,334.85,50,90350
20231228,11:10:01,337.7,100,90350
20231228,11:10:23,332.5,150,90350
20231228,11:10:29,333.2,50,90350
20231228,11:10:33,334.05,300,90350
20231228,11:10:54,334.05,250,90350
20231228,11:12:04,333.35,250,90350
20231228,11:12:06,333.15,2000,90950
20231228,11:12:33,331.1,150,90950
20231228,11:12:36,331.2,50,90950
20231228,11:12:39,330.95,350,90950
20231228,11:12:41,332.3,50,90950
20231228,11:12:51,332.15,50,90950
20231228,11:13:18,333.25,100,90950
20231228,11:13:56,330.05,100,90950
20231228,11:14:46,332.5,650,90950
20231228,11:14:50,332.05,50,90950
20231228,11:14:53,334.7,200,90950
20231228,11:14:58,337.4,100,90950
20231228,11:15:01,339.4,50,90950
20231228,11:15:05,336.75,50,94050
20231228,11:15:33,342.35,50,94050
20231228,11:15:35,344.35,100,94050
20231228,11:15:41,342.1,250,94050
20231228,11:15:50,343.7,250,94050
20231228,11:16:00,335.3,300,94050
20231228,11:16:01,335.05,50,94050
20231228,11:16:03,335.1,100,94050
20231228,11:16:08,335.45,50,94050
20231228,11:16:23,337.45,250,94050
20231228,11:17:11,338.2,50,94050
20231228,11:17:33,337.35,350,94050
20231228,11:19:43,340.0,50,94250
20231228,11:20:30,339.25,50,94250
20231228,11:20:53,338.4,50,94250
20231228,11:20:55,337.2,1850,94250
20231228,11:20:56,337.35,500,94250
20231228,11:21:13,334.45,50,94700
20231228,11:21:45,337.85,250,94700
20231228,11:21:46,336.15,250,94700
20231228,11:22:31,340.4,800,94700
20231228,11:22:33,338.8,500,94700
20231228,11:22:36,338.3,250,94700
20231228,11:22:41,340.0,250,94700
20231228,11:22:46,342.75,100,94700
20231228,11:23:05,340.45,50,94700
20231228,11:23:06,341.45,50,94700
20231228,11:23:21,340.45,50,94700
20231228,11:24:48,337.1,750,94850
20231228,11:24:49,338.0,50,94850
20231228,11:24:59,336.65,100,94850
20231228,11:25:04,337.3,50,94850
20231228,11:25:06,337.3,850,94850
20231228,11:25:11,336.5,500,94850
20231228,11:25:39,334.7,150,94850
20231228,11:25:48,333.3,50,94850
20231228,11:25:49,333.1,600,94850
20231228,11:26:06,331.25,100,94850
20231228,11:26:23,331.0,50,94850
20231228,11:26:24,330.5,50,94850
20231228,11:26:36,328.75,250,94850
20231228,11:26:53,329.25,50,94850
20231228,11:27:11,330.05,500,95700
20231228,11:27:13,330.4,250,95700
20231228,11:27:16,329.25,250,95700
20231228,11:27:21,328.3,50,95700
20231228,11:28:06,331.45,50,95700
20231228,11:30:45,333.65,50,95750
20231228,11:32:25,328.0,200,95750
20231228,11:32:31,326.2,50,95750
20231228,11:32:38,325.0,150,95750
20231228,11:32:40,326.3,250,95750
20231228,11:33:41,326.5,250,96150
20231228,11:33:43,326.55,50,96150
20231228,11:34:18,327.8,250,96150
20231228,11:34:33,326.4,250,96150
20231228,11:34:39,325.0,50,96150
20231228,11:34:44,327.6,200,96150
20231228,11:34:58,326.4,250,96150
20231228,11:35:04,327.25,250,96150
20231228,11:35:13,327.25,50,96150
20231228,11:35:19,326.2,150,96150
20231228,11:35:47,325.55,250,96150
20231228,11:35:59,325.3,50,96150
20231228,11:36:22,320.0,600,96300
20231228,11:36:29,320.0,250,96300
20231228,11:36:30,319.9,250,96300
20231228,11:36:45,319.9,600,96300
20231228,11:36:47,323.4,250,96300
20231228,11:37:02,325.1,50,96300
20231228,11:37:10,324.7,250,96300
20231228,11:37:34,324.3,150,96300
20231228,11:37:39,323.75,50,96300
20231228,11:39:38,325.65,50,96500
20231228,11:39:49,325.1,50,96500
20231228,11:39:59,324.5,50,96500
20231228,11:40:30,325.25,50,96500
20231228,11:40:53,323.55,100,96500
20231228,11:41:05,324.35,100,96500
20231228,11:41:23,322.2,100,96500
20231228,11:41:31,321.75,100,96500
20231228,11:41:46,322.2,50,96500
20231228,11:42:22,324.25,50,96650
20231228,11:42:28,323.85,250,96650
20231228,11:42:30,324.9,250,96650
20231228,11:42:38,324.3,250,96650
20231228,11:42:53,324.5,50,96650
20231228,11:43:57,328.7,250,96650
20231228,11:44:12,324.85,50,96650
20231228,11:44:23,325.55,250,96650
20231228,11:44:25,324.5,250,96650
20231228,11:44:33,325.3,450,96650
20231228,11:44:48,328.55,50,96650
20231228,11:44:55,328.15,50,96650
20231228,11:45:28,322.45,50,96650
20231228,11:45:40,324.75,250,96650
20231228,11:45:42,324.5,250,96650
20231228,11:45:45,325.05,250,96650
20231228,11:47:27,325.05,550,96650
20231228,11:47:33,324.7,400,96650
20231228,11:47:40,325.05,250,96650
20231228,11:50:02,324.1,150,97000
20231228,11:50:04,323.75,50,97000
20231228,11:50:07,323.3,50,97000
20231228,11:50:14,321.85,200,97000
20231228,11:50:35,321.75,500,97000
20231228,11:50:42,321.9,250,97000
20231228,11:50:50,319.55,1050,97000
20231228,11:51:02,319.55,100,97000
20231228,11:51:57,322.3,50,97650
20231228,11:54:20,324.45,150,97700
20231228,11:55:25,321.7,50,97700
20231228,11:55:40,323.35,50,97700
20231228,11:56:36,322.45,250,97700
20231228,11:58:05,322.0,100,97700
20231228,11:58:15,321.65,500,97700
20231228,11:58:25,321.55,250,97700
20231228,11:59:06,321.3,250,97700
20231228,11:59:14,321.85,50,97700
20231228,11:59:58,320.9,50,97700
20231228,12:00:18,320.75,50,97750
20231228,12:01:11,321.75,250,97750
20231228,12:01:38,320.55,250,97750
20231228,12:01:43,320.3,100,97750
20231228,12:02:05,321.0,350,97750
20231228,12:02:10,321.45,50,97750
20231228,12:02:25,317.6,50,97750
20231228,12:02:27,317.6,100,97750
20231228,12:02:28,317.35,200,97750
20231228,12:02:38,317.05,50,97750
20231228,12:02:40,315.75,250,97750
20231228,12:02:50,315.75,150,97750
20231228,12:02:52,316.7,250,97750
20231228,12:02:55,317.3,100,97750
20231228,12:03:07,317.4,250,97750
20231228,12:03:15,319.0,50,98050
20231228,12:03:30,318.55,250,98050
20231228,12:03:40,317.8,150,98050
20231228,12:03:58,317.0,50,98050
20231228,12:04:02,317.15,150,98050
20231228,12:04:03,316.85,50,98050
20231228,12:04:08,316.6,100,98050
20231228,12:04:23,317.5,300,98050
20231228,12:04:26,316.0,50,98050
20231228,12:04:35,315.6,100,98050
20231228,12:04:36,315.5,100,98050
20231228,12:04:43,315.5,50,98050
20231228,12:04:56,315.55,100,98050
20231228,12:05:00,316.8,250,98050
20231228,12:05:03,314.85,100,98050
20231228,12:05:11,312.0,1500,98050
20231228,12:05:16,314.15,300,98050
20231228,12:05:18,313.9,50,98050
20231228,12:05:20,314.35,50,98050
20231228,12:05:21,314.5,50,98050
20231228,12:05:30,313.6,100,98050
20231228,12:05:36,314.6,200,98050
20231228,12:05:38,315.05,250,98050
20231228,12:05:48,315.95,50,98050
20231228,12:05:55,314.2,600,98050
20231228,12:06:01,317.95,250,98050
20231228,12:06:20,316.0,400,98600
20231228,12:06:21,316.8,50,98600
20231228,12:06:23,316.95,50,98600
20231228,12:06:26,314.6,450,98600
20231228,12:06:39,314.85,250,98600
20231228,12:06:43,313.05,50,98600
20231228,12:06:46,314.4,250,98600
20231228,12:06:52,314.0,300,98600
20231228,12:06:54,313.05,500,98600
20231228,12:07:06,313.45,100,98600
20231228,12:07:28,311.85,50,98600
20231228,12:07:31,311.85,200,98600
20231228,12:07:36,313.35,50,98600
20231228,12:07:43,311.8,50,98600
20231228,12:07:48,311.4,50,98600
20231228,12:07:56,311.4,250,98600
20231228,12:07:58,312.55,600,98600
20231228,12:08:01,312.6,300,98600
20231228,12:08:08,311.75,150,98600
20231228,12:08:10,312.5,50,98600
20231228,12:08:18,312.7,300,98600
20231228,12:08:19,312.75,250,98600
20231228,12:08:26,312.9,250,98600
20231228,12:08:31,313.5,50,98600
20231228,12:08:34,313.2,150,98600
20231228,12:08:48,313.25,300,98600
20231228,12:08:54,312.45,500,98600
20231228,12:08:58,312.0,100,98600
20231228,12:09:08,314.55,50,98600
20231228,12:09:21,314.55,50,100700
20231228,12:09:25,312.1,50,100700
20231228,12:09:36,313.35,150,100700
20231228,12:09:41,313.5,250,100700
20231228,12:09:43,312.55,250,100700
20231228,12:09:48,312.35,250,100700
20231228,12:09:56,312.3,250,100700
20231228,12:09:58,312.25,250,100700
20231228,12:10:01,312.7,50,100700
20231228,12:10:40,312.4,300,100700
20231228,12:10:50,312.45,250,100700
20231228,12:11:08,313.55,250,100700
20231228,12:11:13,314.9,350,100700
20231228,12:11:14,314.15,50,100700
20231228,12:11:21,315.85,50,100700
20231228,12:11:29,315.8,50,100700
20231228,12:11:31,315.85,50,100700
20231228,12:11:34,314.65,250,100700
20231228,12:11:46,316.35,50,100700
20231228,12:11:51,315.85,50,100700
20231228,12:12:01,317.85,50,100700
20231228,12:12:03,317.0,50,100700
20231228,12:12:04,315.55,250,100700
20231228,12:12:17,316.8,50,101350
20231228,12:12:19,316.0,250,101350
20231228,12:12:21,315.2,1100,101350
20231228,12:12:24,317.2,100,101350
20231228,12:12:26,317.6,50,101350
20231228,12:12:39,317.3,50,101350
20231228,12:12:52,317.95,50,101350
20231228,12:12:54,317.15,50,101350
20231228,12:13:04,316.1,50,101350
20231228,12:13:14,316.9,450,101350
20231228,12:13:19,316.2,250,101350
20231228,12:13:21,317.3,50,101350
20231228,12:13:31,317.1,250,101350
20231228,12:13:36,316.85,1000,101350
20231228,12:13:37,316.7,50,101350
20231228,12:13:46,317.35,50,101350
20231228,12:13:47,319.15,100,101350
20231228,12:13:54,321.2,100,101350
20231228,12:13:56,321.4,50,101350
20231228,12:13:59,320.9,50,101350
20231228,12:14:01,324.7,50,101350
20231228,12:14:02,322.95,100,101350
20231228,12:14:04,323.0,50,101350
20231228,12:14:06,324.2,50,101350
20231228,12:14:09,323.5,50,101350
20231228,12:14:11,323.65,200,101350
20231228,12:14:16,322.4,200,101350
20231228,12:14:18,322.4,650,101350
20231228,12:14:25,321.3,300,101350
20231228,12:14:26,322.1,50,101350
20231228,12:14:28,322.15,200,101350
20231228,12:14:31,322.75,100,101350
20231228,12:14:36,322.95,200,101350
20231228,12:14:40,323.65,50,101350
20231228,12:14:51,321.7,250,101350
20231228,12:14:53,322.25,50,101350
20231228,12:15:01,318.6,50,101350
20231228,12:15:08,317.75,50,101350
20231228,12:15:14,319.85,50,103250
20231228,12:15:16,319.8,50,103250
20231228,12:15:38,318.7,50,103250
20231228,12:15:39,319.0,300,103250
20231228,12:15:41,318.25,250,103250
20231228,12:15:43,317.6,250,103250
20231228,12:15:46,318.95,50,103250
20231228,12:15:48,317.4,250,103250
20231228,12:15:49,317.6,50,103250
20231228,12:15:54,316.35,100,103250
20231228,12:15:56,316.55,200,103250
20231228,12:15:58,317.45,50,103250
20231228,12:16:01,317.05,50,103250
20231228,12:16:06,316.15,100,103250
20231228,12:16:08,316.75,100,103250
20231228,12:16:09,315.2,350,103250
20231228,12:16:13,316.85,50,103250
20231228,12:16:21,315.15,500,103250
20231228,12:16:23,316.35,50,103250
20231228,12:16:24,316.45,50,103250
20231228,12:16:29,316.75,50,103250
20231228,12:16:31,316.85,100,103250
20231228,12:16:33,316.75,50,103250
20231228,12:16:51,316.25,100,103250
20231228,12:16:53,316.6,50,103250
20231228,12:17:10,316.15,50,103250
20231228,12:17:18,317.25,50,103250
20231228,12:17:38,317.6,50,103250
20231228,12:17:50,319.05,50,103250
20231228,12:17:55,317.95,50,103250
20231228,12:18:11,318.85,50,104950
20231228,12:18:28,318.7,50,104950
20231228,12:18:43,317.35,100,104950
20231228,12:18:54,317.8,50,104950
20231228,12:18:59,316.95,50,104950
20231228,12:19:04,316.85,50,104950
20231228,12:19:45,316.45,50,104950
20231228,12:19:51,315.9,50,104950
20231228,12:19:55,316.2,50,104950
20231228,12:20:06,314.9,100,104950
20231228,12:20:10,315.45,100,104950
20231228,12:20:11,315.65,50,104950
20231228,12:20:16,315.45,50,104950
20231228,12:20:20,314.4,50,104950
20231228,12:20:23,315.2,100,104950
20231228,12:20:28,314.85,150,104950
20231228,12:21:28,314.85,50,105950
20231228,12:21:36,313.85,50,105950
20231228,12:21:38,313.9,50,105950
20231228,12:22:01,313.9,50,105950
20231228,12:22:05,313.15,50,105950
20231228,12:22:08,313.2,50,105950
20231228,12:22:38,312.8,50,105950
20231228,12:22:58,314.1,50,105950
20231228,12:23:11,313.05,50,105950
20231228,12:23:31,312.0,50,105950
20231228,12:23:33,311.0,50,105950
20231228,12:23:40,310.0,100,105950
20231228,12:24:01,307.65,100,105950
20231228,12:24:14,306.0,150,106550
20231228,12:24:19,306.0,50,106550
20231228,12:24:21,306.7,50,106550
20231228,12:24:24,305.75,100,106550
20231228,12:24:58,307.0,50,106550
20231228,12:25:06,307.5,4000,106550
20231228,12:26:54,308.6,50,106550
20231228,12:27:16,308.0,50,110650
20231228,12:27:31,307.45,250,110650
20231228,12:27:48,305.3,100,110650
20231228,12:27:49,304.5,350,110650
20231228,12:27:51,303.0,350,110650
20231228,12:27:59,301.0,400,110650
20231228,12:28:01,298.8,450,110650
20231228,12:28:03,297.4,900,110650
20231228,12:28:06,295.1,200,110650
20231228,12:28:08,296.6,100,110650
20231228,12:28:09,299.9,450,110650
20231228,12:28:11,300.2,850,110650
20231228,12:28:13,301.0,50,110650
20231228,12:28:14,301.5,50,110650
20231228,12:28:16,302.6,100,110650
20231228,12:28:23,299.25,50,110650
20231228,12:28:24,299.75,50,110650
20231228,12:28:33,297.85,50,110650
20231228,12:28:34,297.9,50,110650
20231228,12:28:38,297.9,50,110650
20231228,12:28:41,298.6,50,110650
20231228,12:28:43,297.9,50,110650
20231228,12:28:46,299.0,100,110650
20231228,12:29:16,300.4,300,110650
20231228,12:29:26,296.75,200,110650
20231228,12:29:28,296.7,50,110650
20231228,12:29:29,297.6,1200,110650
20231228,12:29:31,299.3,50,110650
20231228,12:29:36,297.8,50,110650
20231228,12:29:38,298.45,50,110650
20231228,12:29:43,297.25,50,110650
20231228,12:29:44,297.3,400,110650
20231228,12:29:46,297.0,150,110650
20231228,12:29:51,297.15,400,110650
20231228,12:30:01,297.0,50,110650
20231228,12:30:03,297.0,100,110650
20231228,12:30:08,297.9,250,110650
20231228,12:30:15,300.1,50,110650
20231228,12:30:31,299.2,100,114850
20231228,12:30:41,299.0,200,114850
20231228,12:31:25,299.5,50,114850
20231228,12:31:43,299.1,1350,114850
20231228,12:31:45,298.9,150,114850
20231228,12:31:46,299.0,650,114850
20231228,12:32:31,298.5,50,114850
20231228,12:34:27,299.8,50,114850
20231228,12:34:32,299.8,50,115050
20231228,12:34:38,300.3,150,115050
20231228,12:35:20,303.5,50,115050
20231228,12:35:43,304.0,50,115050
20231228,12:36:00,303.45,300,115050
20231228,12:36:28,303.95,200,115050
20231228,12:36:45,303.25,100,114950
20231228,12:36:48,303.95,50,114950
20231228,12:36:55,302.25,50,114950
20231228,12:36:58,302.2,50,114950
20231228,12:37:13,301.45,400,114950
20231228,12:37:40,301.0,50,114950
20231228,12:37:45,300.9,50,114950
20231228,12:38:47,300.9,50,114950
20231228,12:39:48,302.0,300,115150
20231228,12:40:11,300.45,50,115150
20231228,12:40:48,300.55,450,115150
20231228,12:41:12,302.0,250,115150
20231228,12:41:16,301.45,50,115150
20231228,12:41:41,304.0,100,115150
20231228,12:42:39,301.6,150,115400
20231228,12:44:26,302.9,50,115400
20231228,12:45:01,301.0,550,115400
20231228,12:45:10,299.6,50,115400
20231228,12:45:22,299.15,50,115200
20231228,12:45:30,300.0,50,115200
20231228,12:45:35,299.0,150,115200
20231228,12:46:02,299.0,250,115200
20231228,12:46:22,298.35,250,115200
20231228,12:46:38,297.3,50,115200
20231228,12:46:45,296.3,100,115200
20231228,12:46:48,295.1,50,115200
20231228,12:47:00,295.6,250,115200
20231228,12:47:03,296.25,100,115200
20231228,12:47:20,297.1,100,115200
20231228,12:47:30,296.9,50,115200
20231228,12:47:48,297.0,250,115200
20231228,12:48:01,296.5,250,115200
20231228,12:48:16,297.25,50,115750
20231228,12:48:57,297.4,50,115750
20231228,12:49:12,299.0,250,115750
20231228,12:49:18,299.0,250,115750
20231228,12:49:25,299.0,100,115750
20231228,12:49:27,299.0,150,115750
20231228,12:49:46,299.6,50,115750
20231228,12:50:03,299.9,200,115750
20231228,12:50:11,300.45,200,115750
20231228,12:50:23,302.35,100,115750
20231228,12:50:28,305.7,450,115750
20231228,12:50:30,309.4,200,115750
20231228,12:50:31,309.35,1250,115750
20231228,12:50:35,308.8,150,115750
20231228,12:50:38,307.25,250,115750
20231228,12:50:50,308.0,50,115750
20231228,12:50:51,310.8,100,115750
20231228,12:50:55,313.2,50,115750
20231228,12:50:58,314.65,200,115750
20231228,12:51:00,316.0,50,115750
20231228,12:51:01,317.55,150,115750
20231228,12:51:11,313.6,4050,115750
20231228,12:51:21,312.15,50,112600
20231228,12:51:23,312.35,50,112600
20231228,12:51:25,313.45,50,112600
20231228,12:51:26,313.3,100,112600
20231228,12:51:46,312.2,50,112600
20231228,12:51:50,310.8,150,112600
20231228,12:51:51,311.85,150,112600
20231228,12:51:53,309.25,250,112600
20231228,12:51:55,311.7,350,112600
20231228,12:51:56,310.85,50,112600
20231228,12:52:01,312.0,50,112600
20231228,12:52:13,312.0,50,112600
20231228,12:52:20,310.9,200,112600
20231228,12:52:32,313.7,100,112600
20231228,12:52:33,313.65,400,112600
20231228,12:52:35,312.2,250,112600
20231228,12:52:40,311.8,150,112600
20231228,12:52:41,311.95,100,112600
20231228,12:52:59,313.0,300,112600
20231228,12:53:11,315.0,50,112600
20231228,12:53:13,315.0,50,112600
20231228,12:53:31,313.45,550,112600
20231228,12:53:59,312.25,150,112600
20231228,12:54:00,312.25,50,112600
20231228,12:54:05,313.0,50,112600
20231228,12:54:09,313.45,100,112600
20231228,12:54:12,312.55,50,112600
20231228,12:54:40,312.55,50,112800
20231228,12:55:03,312.55,50,112800
20231228,12:55:18,311.35,100,112800
20231228,12:55:31,312.8,150,112800
20231228,12:55:38,311.65,50,112800
20231228,12:55:50,310.5,50,112800
20231228,12:55:55,309.35,50,112800
20231228,12:56:31,309.35,50,112800
20231228,12:56:36,310.0,450,112800
20231228,12:56:37,309.25,50,112800
20231228,12:56:44,308.85,50,112800
20231228,12:57:13,309.35,50,112800
20231228,12:57:19,309.1,100,113400
20231228,12:57:28,309.45,250,113400
20231228,12:57:38,308.8,50,113400
20231228,12:57:48,308.55,500,113400
20231228,12:58:11,308.3,50,113400
20231228,12:58:24,307.7,200,113400
20231228,12:58:31,307.85,50,113400
20231228,12:58:43,309.25,50,113400
20231228,12:59:06,309.35,50,113400
20231228,12:59:36,313.15,150,113400
20231228,12:59:48,312.1,50,113400
20231228,13:00:16,316.15,400,113400
20231228,13:00:29,315.0,50,113900
20231228,13:00:37,315.7,500,113900
20231228,13:00:46,313.65,50,113900
20231228,13:00:54,313.0,50,113900
20231228,13:00:59,313.95,50,113900
20231228,13:01:07,311.3,50,113900
20231228,13:01:09,311.3,200,113900
20231228,13:01:11,312.3,50,113900
20231228,13:01:12,311.95,50,113900
20231228,13:01:14,311.95,100,113900
20231228,13:01:16,310.45,50,113900
20231228,13:01:18,310.65,50,113900
20231228,13:01:23,310.2,250,113900
20231228,13:01:26,311.7,350,113900
20231228,13:01:43,311.2,50,113900
20231228,13:01:45,311.7,50,113900
20231228,13:02:03,312.1,100,113900
20231228,13:02:13,311.15,100,113900
20231228,13:02:15,310.15,50,113900
20231228,13:04:31,312.1,1050,114000
20231228,13:04:56,311.65,50,114000
20231228,13:05:18,311.3,50,114000
20231228,13:05:31,310.4,100,114000
20231228,13:05:33,309.8,100,114000
20231228,13:05:41,310.95,50,114000
20231228,13:05:45,311.4,350,114000
20231228,13:05:47,311.45,300,114000
20231228,13:05:50,311.5,50,114000
20231228,13:06:43,310.05,1250,115900
20231228,13:06:48,310.05,1000,115900
20231228,13:06:56,310.15,400,115900
20231228,13:07:00,310.75,50,115900
20231228,13:07:01,310.75,50,115900
20231228,13:07:31,311.25,50,115900
20231228,13:07:36,311.3,50,115900
20231228,13:07:41,311.15,50,115900
20231228,13:07:44,311.45,50,115900
20231228,13:08:02,311.3,100,115900
20231228,13:08:06,309.75,300,115900
20231228,13:08:07,310.0,100,115900
20231228,13:08:09,308.0,200,115900
20231228,13:08:12,307.6,50,115900
20231228,13:08:14,308.2,50,115900
20231228,13:08:28,308.0,250,115900
20231228,13:08:34,307.25,50,115900
20231228,13:08:36,306.4,300,115900
20231228,13:08:38,306.75,50,115900
20231228,13:09:27,306.75,50,116550
20231228,13:09:29,305.0,250,116550
20231228,13:09:36,303.05,50,116550
20231228,13:09:37,303.2,50,116550
20231228,13:09:39,303.5,200,116550
20231228,13:09:49,305.65,50,116550
20231228,13:09:52,305.0,200,116550
20231228,13:09:59,305.0,300,116550
20231228,13:10:02,306.4,50,116550
20231228,13:10:09,306.4,50,116550
20231228,13:10:16,306.35,50,116550
20231228,13:10:23,306.85,50,116550
20231228,13:10:29,305.0,300,116550
20231228,13:10:31,305.35,50,116550
20231228,13:10:34,305.9,50,116550
20231228,13:10:36,304.9,100,116550
20231228,13:10:39,305.25,200,116550
20231228,13:10:41,305.25,300,116550
20231228,13:10:48,304.3,50,116550
20231228,13:10:56,305.0,500,116550
20231228,13:11:01,305.0,250,116550
20231228,13:11:03,305.6,50,116550
20231228,13:11:36,305.15,1550,116550
20231228,13:12:19,303.7,50,116550
20231228,13:12:38,304.0,400,116550
20231228,13:12:41,304.3,600,119100
20231228,13:12:43,304.0,250,119100
20231228,13:12:56,303.7,50,119100
20231228,13:12:58,303.0,450,119100
20231228,13:13:04,302.6,300,119100
20231228,13:13:08,302.05,50,119100
20231228,13:13:24,302.35,50,119100
20231228,13:13:32,301.55,50,119100
20231228,13:13:45,301.1,250,119100
20231228,13:13:55,300.0,100,119100
20231228,13:14:00,301.0,400,119100
20231228,13:14:09,302.25,200,119100
20231228,13:14:40,303.55,50,119100
20231228,13:14:42,303.5,50,119100
20231228,13:14:45,304.4,50,119100
20231228,13:15:05,303.45,400,119100
20231228,13:15:16,304.6,250,119100
20231228,13:15:26,305.0,300,121350
20231228,13:15:29,305.0,100,121350
20231228,13:16:01,306.0,450,121350
20231228,13:16:18,307.45,200,121350
20231228,13:16:19,307.45,100,121350
20231228,13:16:23,308.1,800,121350
20231228,13:16:31,308.0,50,121350
20231228,13:18:08,310.4,500,121350
20231228,13:18:28,310.4,300,122150
20231228,13:19:35,309.0,50,122150
20231228,13:19:36,309.2,50,122150
20231228,13:20:03,310.0,50,122150
20231228,13:20:05,310.7,150,122150
20231228,13:20:08,309.85,50,122150
20231228,13:20:31,312.1,50,122150
20231228,13:21:13,311.5,50,122150
20231228,13:21:18,310.35,250,122150
20231228,13:21:38,310.35,50,122700
20231228,13:21:42,309.75,50,122700
20231228,13:22:07,309.75,50,122700
20231228,13:22:16,310.15,150,122700
20231228,13:22:25,309.25,50,122700
20231228,13:22:26,309.35,150,122700
20231228,13:22:58,311.4,50,122700
20231228,13:23:33,311.45,250,122700
20231228,13:23:51,311.65,250,122700
20231228,13:23:58,314.7,200,122700
20231228,13:24:15,313.5,50,122700
20231228,13:24:50,314.1,50,123450
20231228,13:24:51,313.85,200,123450
20231228,13:24:53,314.45,50,123450
20231228,13:25:00,315.3,50,123450
20231228,13:25:08,317.0,50,123450
20231228,13:25:10,317.6,250,123450
20231228,13:25:15,316.4,250,123450
20231228,13:25:22,316.95,50,123450
20231228,13:25:28,315.65,50,123450
20231228,13:25:30,315.45,100,123450
20231228,13:25:32,315.8,50,123450
20231228,13:25:35,316.0,200,123450
20231228,13:25:50,314.25,100,123450
20231228,13:26:10,315.3,200,123450
20231228,13:26:36,316.1,50,123450
20231228,13:26:48,316.8,150,123450
20231228,13:26:58,315.2,300,123450
20231228,13:27:23,319.05,100,123500
20231228,13:27:28,320.35,100,123500
20231228,13:27:30,320.4,150,123500
20231228,13:27:31,319.1,850,123500
20231228,13:27:33,320.65,50,123500
20231228,13:27:35,321.65,250,123500
20231228,13:27:51,319.3,50,123500
20231228,13:28:00,325.0,250,123500
20231228,13:28:01,323.95,50,123500
20231228,13:28:03,324.8,150,123500
20231228,13:28:07,325.35,550,123500
20231228,13:28:10,324.35,50,123500
20231228,13:28:17,325.5,50,123500
20231228,13:28:20,327.25,200,123500
20231228,13:28:22,327.7,50,123500
20231228,13:28:23,327.0,100,123500
20231228,13:28:25,327.55,50,123500
20231228,13:28:37,325.0,50,123500
20231228,13:28:38,324.0,50,123500
20231228,13:28:50,322.3,50,123500
20231228,13:28:57,321.35,100,123500
20231228,13:28:58,321.3,200,123500
20231228,13:29:05,318.85,50,123500
20231228,13:29:07,319.0,50,123500
20231228,13:29:10,320.0,50,123500
20231228,13:29:32,316.8,50,123500
20231228,13:29:53,315.15,100,123500
20231228,13:29:55,312.8,50,123500
20231228,13:30:00,312.95,50,123500
20231228,13:30:03,312.9,100,123500
20231228,13:30:08,315.0,100,123500
20231228,13:30:10,315.2,250,123500
20231228,13:30:20,313.15,50,123500
20231228,13:30:27,315.95,200,122250
20231228,13:30:32,314.55,50,122250
20231228,13:30:37,315.0,500,122250
20231228,13:30:45,313.8,250,122250
20231228,13:31:10,316.0,150,122250
20231228,13:31:50,315.85,50,122250
20231228,13:32:16,316.9,50,122250
20231228,13:32:21,318.0,1200,122250
20231228,13:32:23,318.55,50,122250
20231228,13:32:39,318.55,50,122250
20231228,13:32:51,318.85,250,122250
20231228,13:33:04,319.15,50,122250
20231228,13:33:12,321.0,100,122250
20231228,13:33:39,323.0,50,121000
20231228,13:33:59,323.0,350,121000
20231228,13:34:23,322.1,50,121000
20231228,13:34:27,320.8,250,121000
20231228,13:34:42,320.95,50,121000
20231228,13:35:17,318.8,50,121000
20231228,13:35:24,321.0,50,121000
20231228,13:36:28,321.75,250,121150
20231228,13:36:45,325.0,100,121150
20231228,13:37:08,323.95,50,121150
20231228,13:37:24,322.35,100,121150
20231228,13:38:10,317.55,150,121150
20231228,13:38:24,315.8,350,121150
20231228,13:38:28,316.0,250,121150
20231228,13:38:36,315.7,550,121150
20231228,13:38:43,314.45,50,121150
20231228,13:38:53,314.4,250,121150
20231228,13:39:13,312.95,800,121150
20231228,13:39:19,314.3,50,121150
20231228,13:40:06,314.05,650,122100
20231228,13:40:49,312.05,50,122100
20231228,13:41:24,311.05,250,122100
20231228,13:41:29,311.55,250,122100
20231228,13:41:43,311.65,150,122100
20231228,13:41:50,311.05,50,122100
20231228,13:42:03,310.8,50,122100
20231228,13:43:29,318.3,250,121950
20231228,13:44:09,318.85,50,121950
20231228,13:45:08,319.45,450,121950
20231228,13:45:20,319.1,100,121950
20231228,13:46:10,321.6,150,121550
20231228,13:46:11,321.35,50,121550
20231228,13:46:30,320.25,150,121550
20231228,13:46:31,319.1,100,121550
20231228,13:46:33,319.75,100,121550
20231228,13:46:43,319.5,150,121550
20231228,13:47:08,318.1,50,121550
20231228,13:48:53,319.25,50,121750
20231228,13:50:07,315.6,50,121750
20231228,13:53:55,316.3,50,121850
20231228,13:54:34,315.25,150,121850
20231228,13:54:39,315.0,50,121850
20231228,13:57:07,318.0,50,121850
20231228,13:57:53,319.1,200,121950
20231228,13:58:21,320.4,300,121950
20231228,13:58:23,320.0,50,121950
20231228,13:58:24,320.0,100,121950
20231228,13:59:00,323.85,300,121950
20231228,13:59:13,323.35,50,121950
20231228,13:59:19,323.05,500,121950
20231228,13:59:53,320.1,750,121950
20231228,14:00:11,316.3,350,121950
20231228,14:00:21,315.65,50,121950
20231228,14:00:24,315.8,200,121950
20231228,14:00:56,316.5,1050,121250
20231228,14:00:58,316.25,500,121250
20231228,14:01:09,316.8,500,121250
20231228,14:01:11,315.4,50,121250
20231228,14:01:32,316.6,750,121250
20231228,14:02:40,311.6,100,121250
20231228,14:03:17,303.85,150,121250
20231228,14:03:29,303.95,500,121050
20231228,14:03:45,301.1,500,121050
20231228,14:05:02,303.15,100,121050
20231228,14:05:20,303.2,250,121050
20231228,14:05:47,306.35,250,121050
20231228,14:06:33,307.7,50,121600
20231228,14:07:19,306.3,100,121600
20231228,14:07:35,305.0,300,121600
20231228,14:07:41,303.2,50,121600
20231228,14:08:16,303.7,50,121600
20231228,14:08:34,302.5,100,121600
20231228,14:08:58,305.25,100,121600
20231228,14:09:13,304.05,50,121600
20231228,14:09:23,305.9,50,121600
20231228,14:09:25,306.35,100,121600
20231228,14:09:26,306.35,50,121600
20231228,14:09:38,307.15,50,122200
20231228,14:10:04,306.0,50,122200
20231228,14:10:13,307.7,100,122200
20231228,14:10:18,307.1,100,122200
20231228,14:10:23,309.15,50,122200
20231228,14:10:39,307.85,50,122200
20231228,14:10:43,308.0,450,122200
20231228,14:11:02,310.35,850,122200
20231228,14:11:04,310.3,200,122200
20231228,14:11:36,311.55,100,122200
20231228,14:12:00,314.7,50,122200
20231228,14:12:15,314.8,50,122200
20231228,14:12:30,313.55,50,122050
20231228,14:13:23,313.5,350,122050
20231228,14:13:25,313.5,250,122050
20231228,14:13:36,314.75,250,122050
20231228,14:13:50,314.65,50,122050
20231228,14:13:51,314.6,600,122050
20231228,14:13:58,315.55,50,122050
20231228,14:14:03,315.2,50,122050
20231228,14:14:13,315.65,250,122050
20231228,14:14:22,316.05,50,122050
20231228,14:14:25,317.05,50,122050
20231228,14:16:15,314.15,50,121200
20231228,14:16:16,314.0,50,121200
20231228,14:17:20,315.2,250,121200
20231228,14:17:33,314.4,250,121200
20231228,14:17:40,314.0,50,121200
20231228,14:17:58,313.0,400,121200
20231228,14:18:00,315.45,200,121200
20231228,14:18:01,315.5,50,121200
20231228,14:18:06,314.65,250,121200
20231228,14:18:31,319.85,50,121400
20231228,14:18:33,320.6,200,121400
20231228,14:18:51,318.05,50,121400
20231228,14:18:53,317.9,200,121400
20231228,14:18:55,317.75,200,121400
20231228,14:18:56,319.0,250,121400
20231228,14:18:58,320.4,250,121400
20231228,14:19:01,321.6,50,121400
20231228,14:19:03,320.6,200,121400
20231228,14:19:06,323.05,300,121400
20231228,14:19:13,324.3,50,121400
20231228,14:19:22,322.7,500,121400
20231228,14:19:32,323.35,400,121400
20231228,14:19:44,320.95,250,121400
20231228,14:19:54,323.9,100,121400
20231228,14:20:14,322.3,450,121400
20231228,14:20:18,322.8,50,121400
20231228,14:20:31,324.1,50,121400
20231228,14:20:44,322.9,100,121400
20231228,14:20:46,321.75,300,121400
20231228,14:21:11,320.45,150,121400
20231228,14:21:16,317.8,50,121400
20231228,14:21:21,319.65,50,121400
20231228,14:21:53,317.8,50,122300
20231228,14:22:18,315.0,300,122300
20231228,14:22:19,313.7,200,122300
20231228,14:22:21,314.45,50,122300
20231228,14:22:26,313.85,200,122300
20231228,14:22:28,314.45,100,122300
20231228,14:22:39,312.8,50,122300
20231228,14:22:56,312.95,50,122300
20231228,14:23:01,312.45,50,122300
20231228,14:23:04,312.45,250,122300
20231228,14:23:38,313.5,450,122300
20231228,14:23:47,312.6,50,122300
20231228,14:23:52,312.0,50,122300
20231228,14:23:54,312.15,200,122300
20231228,14:23:57,311.8,100,122300
20231228,14:24:00,311.25,100,122300
20231228,14:24:16,313.3,100,122300
20231228,14:24:49,314.65,50,123600
20231228,14:25:38,312.9,50,123600
20231228,14:25:43,314.0,50,123600
20231228,14:25:46,314.0,150,123600
20231228,14:25:53,314.0,400,123600
20231228,14:25:56,314.0,100,123600
20231228,14:25:58,313.1,2400,123600
20231228,14:26:01,314.0,50,123600
20231228,14:26:06,311.75,50,123600
20231228,14:27:11,309.95,500,123600
20231228,14:27:23,309.85,50,123600
20231228,14:27:45,307.45,50,121400
20231228,14:28:18,308.0,50,121400
20231228,14:28:26,306.85,150,121400
20231228,14:28:41,306.35,100,121400
20231228,14:28:48,306.4,500,121400
20231228,14:28:51,306.2,50,121400
20231228,14:28:56,305.8,50,121400
20231228,14:29:06,307.1,50,121400
20231228,14:29:42,309.85,450,121400
20231228,14:30:12,312.65,50,121400
20231228,14:30:14,314.0,50,121400
20231228,14:30:17,314.0,700,121400
20231228,14:30:22,313.0,50,121400
20231228,14:30:41,311.9,250,121400
20231228,14:30:47,312.1,50,121400
20231228,14:30:49,311.75,250,121400
20231228,14:31:11,314.0,50,121400
20231228,14:31:14,313.85,250,121400
20231228,14:31:26,313.15,250,121400
20231228,14:31:31,312.8,100,121400
20231228,14:31:38,312.8,100,121400
20231228,14:32:01,308.95,200,121400
20231228,14:32:03,309.95,50,121400
20231228,14:32:09,308.4,50,121400
20231228,14:32:51,308.75,50,121400
20231228,14:33:09,308.4,200,121400
20231228,14:33:13,309.0,250,121400
20231228,14:33:28,309.15,250,121400
20231228,14:33:36,309.6,200,121800
20231228,14:33:38,310.15,50,121800
20231228,14:34:06,309.05,200,121800
20231228,14:34:08,308.8,250,121800
20231228,14:34:09,308.8,200,121800
20231228,14:34:44,309.2,150,121800
20231228,14:34:46,309.35,400,121800
20231228,14:35:54,307.8,200,121800
20231228,14:37:09,308.8,50,122000
20231228,14:38:31,312.45,50,122000
20231228,14:39:35,315.4,150,122050
20231228,14:39:38,314.55,50,122050
20231228,14:40:16,315.35,400,122050
20231228,14:40:18,315.15,550,122050
20231228,14:40:19,315.95,200,122050
20231228,14:40:23,318.45,150,122050
20231228,14:40:24,317.9,300,122050
20231228,14:40:42,318.1,250,122050
20231228,14:41:18,319.1,300,122050
20231228,14:41:28,317.9,100,122050
20231228,14:41:31,317.6,50,122050
20231228,14:41:33,317.85,50,122050
20231228,14:41:42,315.2,100,122050
20231228,14:41:46,315.7,250,122050
20231228,14:42:19,313.15,50,122050
20231228,14:42:59,314.05,300,121900
20231228,14:43:03,315.1,100,121900
20231228,14:44:49,314.65,50,121900
20231228,14:45:20,314.3,50,121900
20231228,14:45:23,314.25,50,121900
20231228,14:45:31,313.5,50,121900
20231228,14:45:33,313.65,50,121900
20231228,14:46:47,317.0,50,122150
20231228,14:47:07,320.0,150,122150
20231228,14:47:08,319.05,50,122150
20231228,14:47:12,318.05,50,122150
20231228,14:47:57,319.8,100,122150
20231228,14:48:10,319.2,150,122150
20231228,14:48:19,319.6,50,122150
20231228,14:48:36,322.85,400,122400
20231228,14:48:41,323.7,100,122400
20231228,14:48:44,324.6,100,122400
20231228,14:48:46,325.1,400,122400
20231228,14:48:48,327.1,200,122400
20231228,14:48:49,327.45,400,122400
20231228,14:48:51,326.9,400,122400
20231228,14:48:54,330.0,550,122400
20231228,14:49:13,327.8,1500,122400
20231228,14:49:22,325.3,50,122400
20231228,14:49:35,324.1,550,122400
20231228,14:49:37,324.1,50,122400
20231228,14:49:44,323.65,100,122400
20231228,14:50:41,323.65,50,122400
20231228,14:51:04,323.65,50,122400
20231228,14:51:10,321.35,2950,122400
20231228,14:51:23,320.5,50,122400
20231228,14:52:16,320.4,50,122150
20231228,14:55:01,320.95,200,122100
20231228,14:55:06,320.7,50,122100
20231228,14:55:13,318.7,550,122100
20231228,14:55:16,318.65,50,122100
20231228,14:56:06,312.95,50,122100
20231228,14:56:14,311.05,50,122100
20231228,14:56:24,311.35,500,122100
20231228,14:56:27,312.0,50,122100
20231228,14:56:55,312.8,50,122100
20231228,14:57:16,311.0,50,122100
20231228,14:57:21,307.8,100,122100
20231228,14:57:23,307.9,150,122100
20231228,14:57:28,308.75,50,122100
20231228,14:57:29,307.25,200,122100
20231228,14:57:33,307.15,300,122100
20231228,14:57:38,305.0,50,122200
20231228,14:57:39,302.9,500,122200
20231228,14:57:46,301.95,100,122200
20231228,14:57:53,302.05,350,122200
20231228,14:58:16,303.1,500,122200
20231228,14:58:21,302.05,50,122200
20231228,14:58:24,302.55,250,122200
20231228,14:58:29,301.4,100,122200
20231228,14:58:46,302.8,50,122200
20231228,14:58:47,302.75,100,122200
20231228,14:58:49,302.55,100,122200
20231228,14:58:50,303.4,250,122200
20231228,14:58:54,305.0,50,122200
20231228,14:58:55,305.5,450,122200
20231228,14:59:10,306.5,150,122200
20231228,14:59:26,309.0,50,122200
20231228,14:59:28,309.45,150,122200
20231228,14:59:33,308.95,200,122200
20231228,14:59:39,308.4,50,122200
20231228,14:59:49,307.0,50,122200
20231228,14:59:56,307.4,50,122200
20231228,14:59:59,307.7,400,122200
20231228,15:00:09,302.0,50,122200
20231228,15:00:10,301.25,50,122200
20231228,15:00:20,299.35,100,122200
20231228,15:00:21,299.0,1400,122200
20231228,15:00:23,297.45,50,122200
20231228,15:00:24,296.7,400,122200
20231228,15:00:27,298.9,500,122200
20231228,15:00:30,297.5,100,122200
20231228,15:00:32,297.45,100,122200
20231228,15:00:35,297.95,50,122650
20231228,15:00:45,301.0,50,122650
20231228,15:00:54,307.0,100,122650
20231228,15:01:34,309.0,50,122650
20231228,15:01:49,312.25,50,122650
20231228,15:01:52,315.2,400,122650
20231228,15:01:54,316.55,50,122650
20231228,15:01:55,317.0,1200,122650
20231228,15:01:57,315.7,100,122650
20231228,15:01:59,317.2,100,122650
20231228,15:02:04,317.0,50,122650
20231228,15:02:05,316.0,350,122650
20231228,15:02:10,308.35,300,122650
20231228,15:02:15,312.4,50,122650
20231228,15:02:32,314.45,450,122650
20231228,15:02:33,314.35,250,122650
20231228,15:02:38,316.0,200,122650
20231228,15:02:41,314.8,50,122650
20231228,15:02:43,314.8,250,122650
20231228,15:02:45,313.8,250,122650
20231228,15:02:46,312.95,50,122650
20231228,15:02:50,311.5,50,122650
20231228,15:03:21,310.0,250,122650
20231228,15:03:25,310.4,50,122650
20231228,15:03:46,306.25,600,122100
20231228,15:03:50,305.4,150,122100
20231228,15:03:57,306.8,250,122100
20231228,15:04:12,305.55,50,122100
20231228,15:04:24,306.0,150,122100
20231228,15:04:31,304.85,150,122100
20231228,15:04:33,305.2,150,122100
20231228,15:04:53,305.9,100,122100
20231228,15:04:58,305.2,100,122100
20231228,15:05:04,304.75,100,122100
20231228,15:05:06,304.15,50,122100
20231228,15:05:08,303.25,500,122100
20231228,15:05:10,303.0,50,122100
20231228,15:05:13,303.55,200,122100
20231228,15:05:18,303.4,100,122100
20231228,15:05:29,305.4,250,122100
20231228,15:05:38,303.0,50,122100
20231228,15:05:41,302.15,100,122100
20231228,15:05:43,301.0,50,122100
20231228,15:05:44,302.75,150,122100
20231228,15:05:46,301.1,250,122100
20231228,15:06:04,300.3,50,122100
20231228,15:06:41,305.3,50,123300
20231228,15:06:51,303.0,50,123300
20231228,15:06:58,301.6,100,123300
20231228,15:07:43,301.6,50,123300
20231228,15:07:45,300.5,100,123300
20231228,15:07:51,301.45,450,123300
20231228,15:08:00,302.05,50,123300
20231228,15:08:11,301.75,100,123300
20231228,15:08:20,302.0,50,123300
20231228,15:08:33,301.05,200,123300
20231228,15:08:35,302.4,250,123300
20231228,15:08:38,302.2,400,123300
20231228,15:08:40,303.15,450,123300
20231228,15:08:41,301.75,50,123300
20231228,15:08:43,301.6,150,123300
20231228,15:08:51,300.5,150,123300
20231228,15:08:53,300.5,350,123300
20231228,15:08:55,300.05,200,123300
20231228,15:08:56,300.85,200,123300
20231228,15:09:10,299.9,700,123300
20231228,15:09:11,299.65,200,123300
20231228,15:09:28,297.9,50,123300
20231228,15:09:32,297.0,50,123300
20231228,15:09:37,297.0,400,123350
20231228,15:09:40,297.0,150,123350
20231228,15:09:42,298.65,50,123350
20231228,15:09:53,300.0,50,123350
20231228,15:09:57,300.45,50,123350
20231228,15:10:12,303.55,350,123350
20231228,15:10:13,304.45,250,123350
20231228,15:10:32,304.15,550,123350
20231228,15:10:47,305.95,300,123350
20231228,15:10:55,306.15,150,123350
20231228,15:10:58,306.25,50,123350
20231228,15:11:35,305.3,100,123350
20231228,15:11:44,305.8,50,123350
20231228,15:11:54,305.9,50,123350
20231228,15:12:21,305.9,50,123350
20231228,15:13:06,306.95,150,123000
20231228,15:13:09,307.15,200,123000
20231228,15:13:29,308.0,50,123000
20231228,15:13:34,309.6,200,123000
20231228,15:13:38,309.7,250,123000
20231228,15:13:41,310.65,250,123000
20231228,15:13:43,310.85,200,123000
20231228,15:13:44,310.9,50,123000
20231228,15:13:46,310.05,50,123000
20231228,15:13:48,310.35,50,123000
20231228,15:13:55,310.4,50,123000
20231228,15:14:08,309.0,50,123000
20231228,15:14:13,308.55,50,123000
20231228,15:14:21,308.25,100,123000
20231228,15:14:31,307.4,100,123000
20231228,15:14:33,306.55,150,123000
20231228,15:14:41,306.75,50,123000
20231228,15:14:47,303.8,50,123000
20231228,15:15:02,304.0,50,123000
20231228,15:15:04,302.55,50,123000
20231228,15:15:06,302.75,50,123000
20231228,15:15:07,302.3,200,123000
20231228,15:15:31,302.05,50,123000
20231228,15:15:51,301.05,200,122250
20231228,15:16:01,300.0,50,122250
20231228,15:16:09,299.25,100,122250
20231228,15:16:11,299.8,100,122250
20231228,15:16:42,299.5,50,122250
20231228,15:16:48,299.1,50,122250
20231228,15:16:58,299.6,50,122250
20231228,15:17:06,299.5,50,122250
20231228,15:17:11,300.5,50,122250
20231228,15:17:13,301.0,50,122250
20231228,15:17:16,301.5,300,122250
20231228,15:17:24,302.5,200,122250
20231228,15:17:25,303.0,1550,122250
20231228,15:17:27,303.0,500,122250
20231228,15:17:36,304.3,350,122250
20231228,15:18:07,306.05,50,122250
20231228,15:18:28,306.3,300,122250
20231228,15:18:58,304.05,400,120650
20231228,15:19:03,305.3,50,120650
20231228,15:19:04,303.4,50,120650
20231228,15:19:16,303.8,150,120650
20231228,15:19:34,302.95,150,120650
20231228,15:19:45,302.5,100,120650
20231228,15:19:49,302.15,200,120650
20231228,15:19:51,302.95,700,120650
20231228,15:19:52,303.2,50,120650
20231228,15:20:13,303.7,200,120650
20231228,15:20:41,305.7,200,120650
20231228,15:20:53,304.3,350,120650
20231228,15:20:56,305.25,1750,120650
20231228,15:21:03,305.25,100,120650
20231228,15:21:06,305.5,200,120650
20231228,15:21:18,305.2,400,120650
20231228,15:21:20,305.15,50,120650
20231228,15:21:21,305.9,350,120650
20231228,15:21:23,305.2,50,120650
20231228,15:21:28,304.85,100,120650
20231228,15:21:41,305.9,400,122100
20231228,15:21:43,305.95,250,122100
20231228,15:21:44,306.3,50,122100
20231228,15:21:51,306.45,500,122100
20231228,15:21:59,307.7,150,122100
20231228,15:22:01,307.0,50,122100
20231228,15:22:04,306.4,50,122100
20231228,15:22:05,305.6,50,122100
20231228,15:22:07,305.8,200,122100
20231228,15:22:09,305.8,50,122100
20231228,15:22:10,307.4,450,122100
20231228,15:22:12,306.4,50,122100
20231228,15:22:14,306.5,300,122100
20231228,15:22:15,307.6,200,122100
20231228,15:22:17,307.7,50,122100
20231228,15:22:18,307.3,50,122100
20231228,15:22:20,306.6,100,122100
20231228,15:22:22,307.5,400,122100
20231228,15:22:23,308.55,500,122100
20231228,15:22:27,308.55,50,122100
20231228,15:22:33,307.45,50,122100
20231228,15:22:37,309.15,200,122100
20231228,15:22:40,308.55,150,122100
20231228,15:22:43,309.15,450,122100
20231228,15:22:45,309.35,350,122100
20231228,15:22:47,310.05,300,122100
20231228,15:22:53,310.85,400,122100
20231228,15:22:55,311.4,350,122100
20231228,15:22:57,311.7,3200,122100
20231228,15:23:02,312.0,300,122100
20231228,15:23:03,312.7,50,122100
20231228,15:23:13,312.8,1850,122100
20231228,15:23:16,313.6,500,122100
20231228,15:23:20,314.9,50,122100
20231228,15:23:23,313.85,100,122100
20231228,15:23:31,315.5,50,122100
20231228,15:23:34,316.55,50,122100
20231228,15:23:36,316.8,450,122100
20231228,15:23:38,315.7,1600,122100
20231228,15:23:39,317.5,300,122100
20231228,15:23:48,318.9,250,122100
20231228,15:23:49,320.85,50,122100
20231228,15:23:51,321.65,100,122100
20231228,15:23:53,322.65,250,122100
20231228,15:23:56,323.55,50,122100
20231228,15:23:58,324.3,50,122100
20231228,15:23:59,324.6,50,122100
20231228,15:24:01,324.85,250,122100
20231228,15:24:06,328.65,400,122100
20231228,15:24:07,329.25,100,122100
20231228,15:24:09,330.0,300,122100
20231228,15:24:11,330.0,900,122100
20231228,15:24:12,329.4,50,122100
20231228,15:24:17,333.9,450,122100
20231228,15:24:19,335.3,350,122100
20231228,15:24:27,335.45,700,122100
20231228,15:24:29,334.95,100,122100
20231228,15:24:35,337.4,400,122100
20231228,15:24:42,339.0,350,114150
20231228,15:24:45,341.0,50,114150
20231228,15:24:47,340.15,50,114150
20231228,15:24:55,338.1,50,114150
20231228,15:24:57,336.6,750,114150
20231228,15:24:59,335.3,750,114150
20231228,15:25:00,333.05,150,114150
20231228,15:25:04,331.65,800,114150
20231228,15:25:05,330.0,50,114150
20231228,15:25:07,327.75,50,114150
20231228,15:25:09,326.6,450,114150
20231228,15:25:10,325.2,50,114150
20231228,15:25:12,324.65,50,114150
20231228,15:25:14,325.0,450,114150
20231228,15:25:17,325.45,50,114150
20231228,15:25:20,325.35,500,114150
20231228,15:25:22,324.3,50,114150
20231228,15:25:30,326.7,50,114150
20231228,15:25:34,325.55,850,114150
20231228,15:25:49,326.1,200,114150
20231228,15:26:07,327.8,100,114150
20231228,15:26:14,329.25,150,114150
20231228,15:26:20,329.6,300,114150
20231228,15:26:27,331.7,50,114150
20231228,15:26:30,333.55,50,114150
20231228,15:26:33,335.1,100,114150
20231228,15:26:35,333.4,450,114150
20231228,15:26:38,333.95,250,114150
20231228,15:26:40,334.65,100,114150
20231228,15:26:42,335.25,150,114150
20231228,15:26:45,336.1,400,114150
20231228,15:26:47,337.1,250,114150
20231228,15:26:48,336.5,250,114150
20231228,15:26:53,336.95,50,114150
20231228,15:26:57,335.55,250,114150
20231228,15:26:58,334.65,150,114150
20231228,15:27:00,333.35,250,114150
20231228,15:27:02,331.85,150,114150
20231228,15:27:03,332.8,250,114150
20231228,15:27:05,332.9,500,114150
20231228,15:27:07,333.0,50,114150
20231228,15:27:12,332.35,100,114150
20231228,15:27:17,329.9,250,114150
20231228,15:27:30,329.9,150,114150
20231228,15:27:32,329.75,300,114150
20231228,15:27:43,329.25,350,110850
20231228,15:27:48,330.0,300,110850
20231228,15:27:50,330.0,50,110850
20231228,15:27:52,329.65,150,110850
20231228,15:27:57,330.4,150,110850
20231228,15:28:02,330.1,50,110850
20231228,15:28:03,330.1,50,110850
20231228,15:28:05,329.0,2100,110850
20231228,15:28:08,331.95,400,110850
20231228,15:28:10,329.15,300,110850
20231228,15:28:26,330.45,100,110850
20231228,15:28:30,331.85,150,110850
20231228,15:28:31,331.45,300,110850
20231228,15:28:33,331.4,100,110850
20231228,15:28:36,330.95,50,110850
20231228,15:28:38,331.0,1100,110850
20231228,15:28:40,331.2,50,110850
20231228,15:28:41,331.6,200,110850
20231228,15:28:50,331.0,150,110850
20231228,15:28:53,330.85,500,110850
20231228,15:28:55,330.0,50,110850
20231228,15:28:56,330.35,350,110850
20231228,15:29:00,330.05,250,110850
20231228,15:29:01,330.6,150,110850
20231228,15:29:05,330.25,50,110850
20231228,15:29:06,329.4,250,110850
20231228,15:29:08,330.35,100,110850
20231228,15:29:10,329.5,100,110850
20231228,15:29:11,329.45,150,110850
20231228,15:29:13,330.55,150,110850
20231228,15:29:19,329.65,50,110850
20231228,15:29:21,329.0,100,110850
20231228,15:29:23,329.0,650,110850
20231228,15:29:26,328.45,1550,110850
20231228,15:29:28,328.4,450,110850
20231228,15:29:29,328.35,1950,110850
20231228,15:29:31,328.0,1400,110850
20231228,15:29:33,328.85,950,110850
20231228,15:29:34,328.6,1050,110850
20231228,15:29:36,328.55,800,110850
20231228,15:29:38,329.3,600,110850
20231228,15:29:39,329.3,700,110850
20231228,15:29:41,330.8,650,110850
20231228,15:29:43,328.55,600,110850
20231228,15:29:44,331.0,350,110850
20231228,15:29:46,330.5,800,110850
20231228,15:29:48,329.8,500,110850
20231228,15:29:49,332.0,350,110850
20231228,15:29:51,331.4,750,110850
20231228,15:29:53,334.65,100,110850
20231228,15:29:54,331.2,50,110850
20231229,09:15:01,331.0,1,109200
20231229,09:15:01,330.0,200,109200
20231229,09:15:02,339.85,50,109200
20231229,09:15:03,350.0,350,109200
20231229,09:15:04,353.05,300,109200
20231229,09:15:06,357.7,200,109200
20231229,09:15:07,360.25,350,109200
20231229,09:15:08,359.55,600,109200
20231229,09:15:09,358.95,100,109200
20231229,09:15:10,356.15,1450,109200
20231229,09:15:11,357.75,600,109200
20231229,09:15:12,357.2,150,109200
20231229,09:15:13,356.15,150,109200
20231229,09:15:14,358.3,550,109200
20231229,09:15:15,359.0,1150,109200
20231229,09:15:16,360.45,1200,109200
20231229,09:15:17,359.6,50,109200
20231229,09:15:19,364.95,250,109200
20231229,09:15:20,368.2,50,109200
20231229,09:15:21,368.4,1100,109200
20231229,09:15:22,369.15,350,109200
20231229,09:15:23,369.0,150,109200
20231229,09:15:24,370.2,650,109200
20231229,09:15:26,372.75,150,109200
20231229,09:15:27,374.5,150,109200
20231229,09:15:29,376.3,100,109200
20231229,09:15:30,381.5,300,109200
20231229,09:15:31,381.85,600,109200
20231229,09:15:32,377.65,150,109200
20231229,09:15:34,372.7,1200,109200
20231229,09:15:35,372.7,600,109200
20231229,09:15:36,372.75,50,109200
20231229,09:15:37,372.75,100,109200
20231229,09:15:39,369.45,350,109200
20231229,09:15:40,368.3,300,109200
20231229,09:15:42,364.3,100,109200
20231229,09:15:43,364.75,300,109200
20231229,09:15:44,364.1,50,109200
20231229,09:15:48,364.7,250,109200
20231229,09:15:50,367.25,150,109200
20231229,09:15:51,369.8,300,109200
20231229,09:15:53,369.6,400,109200
20231229,09:15:54,368.1,800,109200
20231229,09:15:55,366.25,3950,109200
20231229,09:16:00,371.45,1350,109200
20231229,09:16:01,370.2,1000,109200
20231229,09:16:02,372.0,500,109200
20231229,09:16:03,373.2,700,109200
20231229,09:16:04,371.25,100,109200
20231229,09:16:17,370.65,50,109200
20231229,09:16:19,369.85,50,109200
20231229,09:16:22,370.65,750,109200
20231229,09:16:23,369.9,50,109200
20231229,09:16:24,369.15,250,109200
20231229,09:16:26,370.7,100,109200
20231229,09:16:28,372.25,50,109200
20231229,09:16:33,375.0,100,109200
20231229,09:16:35,379.05,100,109200
20231229,09:16:38,381.4,100,109200
20231229,09:16:39,380.6,150,109200
20231229,09:16:40,380.2,50,109200
20231229,09:16:41,381.4,50,109200
20231229,09:16:42,381.05,50,109200
20231229,09:16:45,380.5,100,109200
20231229,09:16:46,381.6,950,109200
20231229,09:16:47,380.05,200,109200
20231229,09:16:48,379.5,50,109200
20231229,09:16:49,379.5,100,109200
20231229,09:16:50,379.05,150,109200
20231229,09:16:51,377.45,50,109200
20231229,09:16:52,375.6,50,109200
20231229,09:16:54,376.5,50,109200
20231229,09:16:58,380.0,50,109200
20231229,09:17:03,379.2,100,109200
20231229,09:17:09,380.1,50,117700
20231229,09:17:16,382.4,300,117700
20231229,09:17:24,382.0,1000,117700
20231229,09:17:28,381.8,100,117700
20231229,09:17:34,380.1,350,117700
20231229,09:17:36,381.35,200,117700
20231229,09:17:43,379.2,50,117700
20231229,09:17:45,379.8,50,117700
20231229,09:17:48,383.1,100,117700
20231229,09:17:52,383.1,800,117700
20231229,09:17:56,383.15,50,117700
20231229,09:17:59,383.15,50,117700
20231229,09:18:02,384.0,50,117700
20231229,09:18:03,385.0,150,117700
20231229,09:18:04,385.0,700,117700
20231229,09:18:13,384.6,250,117700
20231229,09:18:14,382.15,400,117700
20231229,09:18:19,381.35,500,117700
20231229,09:18:21,382.35,50,117700
20231229,09:18:24,383.5,150,117700
20231229,09:18:26,385.0,100,117700
20231229,09:18:30,386.1,200,117700
20231229,09:18:30,386.1,100,117700
20231229,09:18:32,384.75,200,117700
20231229,09:18:33,384.05,100,117700
20231229,09:18:35,382.2,50,117700
20231229,09:18:35,383.05,50,117700
20231229,09:18:36,382.35,150,117700
20231229,09:18:38,381.65,550,117700
20231229,09:18:39,381.0,50,117700
20231229,09:18:46,379.6,350,117700
20231229,09:18:46,380.0,50,117700
20231229,09:18:47,381.35,250,117700
20231229,09:18:48,381.4,50,117700
20231229,09:18:50,381.4,300,117700
20231229,09:18:51,379.95,50,117700
20231229,09:18:53,381.2,150,117700
20231229,09:18:55,382.65,50,117700
20231229,09:19:00,384.55,50,117700
20231229,09:19:01,383.85,100,117700
20231229,09:19:09,383.9,200,117700
20231229,09:19:10,383.75,100,117700
20231229,09:19:13,383.7,150,117700
20231229,09:19:14,382.5,50,117700
20231229,09:19:15,379.35,100,117700
20231229,09:19:17,379.65,50,117700
20231229,09:19:19,379.2,100,117700
20231229,09:19:28,380.4,50,117700
20231229,09:19:31,378.35,50,117700
20231229,09:19:36,377.6,100,117700
20231229,09:19:40,379.3,150,117700
20231229,09:19:42,379.05,100,117700
20231229,09:19:49,377.3,50,117700
20231229,09:19:51,377.45,100,117700
20231229,09:19:54,377.8,1600,117700
20231229,09:19:55,377.85,50,117700
20231229,09:19:56,377.85,100,117700
20231229,09:19:57,377.5,900,117700
20231229,09:20:00,378.0,1000,117700
20231229,09:20:06,377.8,50,117700
20231229,09:20:06,377.7,50,122250
20231229,09:20:09,378.75,50,122250
20231229,09:20:13,381.0,50,122250
20231229,09:20:14,381.6,50,122250
20231229,09:20:22,373.75,200,122250
20231229,09:20:23,373.05,100,122250
20231229,09:20:24,372.15,50,122250
20231229,09:20:25,370.0,100,122250
20231229,09:20:26,368.95,50,122250
20231229,09:20:30,370.25,250,122250
20231229,09:20:31,370.5,500,122250
20231229,09:20:32,370.7,1750,122250
20231229,09:20:33,371.3,300,122250
20231229,09:20:34,371.4,50,122250
20231229,09:20:37,372.4,150,122250
20231229,09:20:38,372.95,200,122250
20231229,09:20:41,372.0,1750,122250
20231229,09:20:42,369.9,50,122250
20231229,09:20:44,367.6,200,122250
20231229,09:20:45,367.45,300,122250
20231229,09:20:46,366.1,750,122250
20231229,09:20:47,366.0,50,122250
20231229,09:20:48,366.4,50,122250
20231229,09:20:50,366.55,100,122250
20231229,09:20:53,367.95,150,122250
20231229,09:20:55,369.45,50,122250
20231229,09:21:06,366.35,50,122250
20231229,09:21:09,365.25,50,122250
20231229,09:21:13,369.45,100,122250
20231229,09:21:21,371.5,50,122250
20231229,09:21:31,371.0,150,122250
20231229,09:21:39,372.7,300,122250
20231229,09:21:43,377.55,50,122250
20231229,09:21:44,378.35,150,122250
20231229,09:21:47,377.2,50,122250
20231229,09:21:50,376.35,50,122250
20231229,09:21:52,379.05,1050,122250
20231229,09:21:55,378.4,200,122250
20231229,09:22:00,377.4,100,122250
20231229,09:22:03,376.7,50,122250
20231229,09:22:09,371.7,50,122250
20231229,09:22:11,372.9,350,122250
20231229,09:22:21,371.8,50,122250
20231229,09:22:40,371.8,250,122250
20231229,09:22:44,371.1,100,122250
20231229,09:23:02,369.65,350,122250
20231229,09:23:26,370.05,150,124850
20231229,09:23:43,368.0,100,124850
20231229,09:23:48,365.7,50,124850
20231229,09:23:50,365.0,50,124850
20231229,09:23:53,361.0,100,124850
20231229,09:23:54,361.8,350,124850
20231229,09:24:02,358.0,800,124850
20231229,09:24:04,357.25,400,124850
20231229,09:24:07,354.8,1250,124850
20231229,09:24:08,355.2,100,124850
20231229,09:24:12,356.6,50,124850
20231229,09:24:30,360.05,50,124850
20231229,09:24:43,363.75,100,124850
20231229,09:24:47,365.7,50,124850
20231229,09:25:00,366.0,500,124850
20231229,09:25:01,367.5,700,124850
20231229,09:25:04,366.95,50,124850
20231229,09:25:06,363.9,50,124850
20231229,09:25:16,361.9,250,124850
20231229,09:25:17,363.3,300,124850
20231229,09:25:21,361.95,100,124850
20231229,09:25:31,358.8,100,124850
20231229,09:25:35,358.5,100,124850
20231229,09:25:48,361.45,50,124850
20231229,09:26:00,361.35,100,124850
20231229,09:26:09,357.65,400,126150
20231229,09:26:10,357.2,100,126150
20231229,09:26:11,357.9,100,126150
20231229,09:26:23,360.8,150,126150
20231229,09:26:46,358.5,100,126150
20231229,09:26:51,356.35,100,126150
20231229,09:26:54,356.7,250,126150
20231229,09:26:56,356.35,50,126150
20231229,09:26:58,356.35,50,126150
20231229,09:27:19,355.8,150,126150
20231229,09:27:29,352.05,50,126150
20231229,09:27:30,350.8,100,126150
20231229,09:27:31,349.65,800,126150
20231229,09:27:34,353.2,150,126150
20231229,09:27:40,354.0,100,126150
20231229,09:27:51,352.5,50,126150
20231229,09:27:53,354.5,400,126150
20231229,09:28:02,354.05,400,126150
20231229,09:28:04,352.7,250,126150
20231229,09:28:16,348.5,100,126150
20231229,09:28:16,348.2,50,126150
20231229,09:28:18,351.3,50,126150
20231229,09:28:21,352.0,250,126150
20231229,09:28:25,354.4,850,126150
20231229,09:28:31,357.05,50,126150
20231229,09:28:32,358.0,50,126150
20231229,09:28:33,357.8,100,126150
20231229,09:28:36,357.85,50,126150
20231229,09:28:42,354.4,100,126150
20231229,09:28:44,353.8,50,126150
20231229,09:28:56,352.7,50,126150
20231229,09:29:02,354.25,250,126150
20231229,09:29:03,353.0,500,126150
20231229,09:29:21,351.0,50,126050
20231229,09:29:29,353.6,50,126050
20231229,09:29:30,353.2,50,126050
20231229,09:29:33,350.9,150,126050
20231229,09:29:35,351.7,100,126050
20231229,09:29:39,351.55,50,126050
20231229,09:29:41,351.35,350,126050
20231229,09:29:43,351.9,100,126050
20231229,09:29:47,351.2,100,126050
20231229,09:29:49,348.35,100,126050
20231229,09:29:52,348.2,400,126050
20231229,09:29:56,349.85,250,126050
20231229,09:30:04,347.1,50,126050
20231229,09:30:05,349.4,50,126050
20231229,09:30:09,354.3,50,126050
20231229,09:30:13,351.8,50,126050
20231229,09:30:15,352.95,50,126050
20231229,09:30:16,353.3,50,126050
20231229,09:30:18,352.55,50,126050
20231229,09:30:31,354.35,150,126050
20231229,09:30:40,350.25,50,126050
20231229,09:30:40,349.85,50,126050
20231229,09:30:43,348.75,50,126050
20231229,09:30:46,349.4,50,126050
20231229,09:30:49,348.1,200,126050
20231229,09:30:53,348.1,50,126050
20231229,09:30:55,347.2,50,126050
20231229,09:30:56,346.9,250,126050
20231229,09:31:47,348.8,150,126050
20231229,09:31:50,349.2,50,126050
20231229,09:31:52,351.1,300,126050
20231229,09:31:54,350.1,50,126050
20231229,09:32:00,348.9,50,126050
20231229,09:32:04,350.75,100,126050
20231229,09:32:09,351.45,50,127950
20231229,09:32:17,350.1,100,127950
20231229,09:32:23,349.05,50,127950
20231229,09:32:34,347.05,50,127950
20231229,09:32:41,347.0,300,127950
20231229,09:32:42,347.15,50,127950
20231229,09:32:42,348.2,200,127950
20231229,09:32:46,346.2,100,127950
20231229,09:32:49,345.5,150,127950
20231229,09:32:50,345.9,100,127950
20231229,09:32:53,345.0,250,127950
20231229,09:32:55,342.15,150,127950
20231229,09:32:58,341.6,50,127950
20231229,09:32:59,341.8,100,127950
20231229,09:33:06,341.6,50,127950
20231229,09:33:22,340.65,400,127950
20231229,09:33:29,340.65,50,127950
20231229,09:33:32,340.6,50,127950
20231229,09:33:35,339.9,50,127950
20231229,09:33:48,339.7,200,127950
20231229,09:33:50,339.8,50,127950
20231229,09:33:55,340.35,50,127950
20231229,09:33:57,339.3,200,127950
20231229,09:33:59,338.3,50,127950
20231229,09:34:02,338.05,250,127950
20231229,09:34:04,337.2,250,127950
20231229,09:34:13,337.5,1800,127950
20231229,09:34:20,336.85,250,127950
20231229,09:34:23,337.0,50,127950
20231229,09:34:26,337.85,150,127950
20231229,09:34:31,337.1,50,127950
20231229,09:34:35,335.4,50,127950
20231229,09:34:37,334.45,100,127950
20231229,09:34:38,334.05,250,127950
20231229,09:34:40,333.3,900,127950
20231229,09:34:44,332.05,1050,127950
20231229,09:34:46,333.25,50,127950
20231229,09:34:48,332.9,250,127950
20231229,09:34:49,333.65,5300,127950
20231229,09:34:55,334.05,100,127950
20231229,09:34:56,332.9,250,127950
20231229,09:34:58,331.8,250,127950
20231229,09:34:59,333.7,350,127950
20231229,09:35:03,335.1,200,127950
20231229,09:35:07,335.95,200,127950
20231229,09:35:10,333.75,100,135050
20231229,09:35:13,333.75,50,135050
20231229,09:35:15,333.65,1050,135050
20231229,09:35:16,333.4,400,135050
20231229,09:35:39,334.0,100,135050
20231229,09:36:05,340.8,350,135050
20231229,09:36:06,342.75,50,135050
20231229,09:36:07,343.2,100,135050
20231229,09:36:09,341.5,350,135050
20231229,09:36:10,342.1,50,135050
20231229,09:36:14,342.6,100,135050
20231229,09:36:23,339.65,50,135050
20231229,09:36:30,338.5,100,135050
20231229,09:36:32,338.35,50,135050
20231229,09:36:41,339.7,50,135050
20231229,09:36:56,341.1,50,135050
20231229,09:37:03,340.65,50,135050
20231229,09:37:06,342.15,350,135050
20231229,09:37:10,341.65,150,135050
20231229,09:37:15,342.2,150,135050
20231229,09:37:19,340.8,100,135050
20231229,09:37:21,340.0,50,135050
20231229,09:37:22,338.55,150,135050
20231229,09:37:23,338.6,250,135050
20231229,09:37:30,342.9,100,135050
20231229,09:37:37,345.0,450,135050
20231229,09:37:41,345.2,50,135050
20231229,09:37:44,343.1,100,135050
20231229,09:37:51,344.5,100,135050
20231229,09:37:52,343.95,500,135050
20231229,09:37:57,344.0,100,135050
20231229,09:38:04,345.6,500,135050
20231229,09:38:08,345.75,50,135050
20231229,09:38:11,348.1,50,134950
20231229,09:38:12,347.8,50,134950
20231229,09:38:17,347.8,50,134950
20231229,09:38:24,349.0,100,134950
20231229,09:38:33,350.3,50,134950
20231229,09:38:38,349.65,50,134950
20231229,09:38:43,347.2,100,134950
20231229,09:38:46,346.8,300,134950
20231229,09:38:47,346.6,50,134950
20231229,09:38:49,345.2,700,134950
20231229,09:38:51,345.7,50,134950
20231229,09:38:58,345.9,250,134950
20231229,09:39:10,350.7,1450,134950
20231229,09:39:19,348.35,50,134950
20231229,09:39:24,348.7,50,134950
20231229,09:39:24,349.0,100,134950
20231229,09:39:28,349.85,150,134950
20231229,09:39:29,351.0,150,134950
20231229,09:39:31,350.75,50,134950
20231229,09:39:31,351.4,50,134950
20231229,09:39:33,351.5,50,134950
20231229,09:39:35,352.4,100,134950
20231229,09:39:36,352.15,150,134950
20231229,09:39:37,352.6,800,134950
20231229,09:39:42,352.6,200,134950
20231229,09:39:43,352.6,1000,134950
20231229,09:39:44,353.15,100,134950
20231229,09:39:45,354.0,50,134950
20231229,09:39:49,350.0,250,134950
20231229,09:39:51,349.5,300,134950
20231229,09:39:55,350.3,1050,134950
20231229,09:39:57,350.3,250,134950
20231229,09:39:59,350.0,250,134950
20231229,09:40:01,350.9,200,134950
20231229,09:40:05,351.1,350,134950
20231229,09:40:10,353.45,350,134950
20231229,09:40:11,354.65,400,134950
20231229,09:40:13,355.3,100,134950
20231229,09:40:14,356.0,50,134950
20231229,09:40:16,356.0,450,134950
20231229,09:40:16,357.4,550,134950
20231229,09:40:23,353.7,150,134950
20231229,09:40:25,354.0,50,134950
20231229,09:40:26,354.75,150,134950
20231229,09:40:28,356.2,250,134950
20231229,09:40:32,352.85,50,134950
20231229,09:40:37,353.6,50,134950
20231229,09:40:38,353.7,250,134950
20231229,09:40:39,352.9,250,134950
20231229,09:40:52,356.8,2100,134950
20231229,09:40:54,356.25,50,134950
20231229,09:40:56,355.8,700,134950
20231229,09:40:56,356.2,250,134950
20231229,09:41:02,353.1,250,134950
20231229,09:41:03,354.55,950,134950
20231229,09:41:06,352.95,50,134950
20231229,09:41:09,353.1,400,134950
20231229,09:41:10,351.35,150,138600
20231229,09:41:16,354.2,200,138600
20231229,09:41:19,354.0,200,138600
20231229,09:41:23,357.0,100,138600
20231229,09:41:27,356.9,50,138600
20231229,09:41:28,357.0,150,138600
20231229,09:41:31,357.4,50,138600
20231229,09:41:35,359.2,100,138600
20231229,09:41:37,360.0,300,138600
20231229,09:41:39,358.75,50,138600
20231229,09:41:48,358.5,50,138600
20231229,09:41:58,356.55,500,138600
20231229,09:41:59,357.75,400,138600
20231229,09:42:03,360.75,50,138600
20231229,09:42:04,360.9,250,138600
20231229,09:42:08,361.5,550,138600
20231229,09:42:11,363.0,50,138600
20231229,09:42:13,364.55,1200,138600
20231229,09:42:14,364.45,50,138600
20231229,09:42:15,362.25,50,138600
20231229,09:42:22,360.0,50,138600
20231229,09:42:24,360.15,1200,138600
20231229,09:42:26,361.85,250,138600
20231229,09:42:33,360.0,50,138600
20231229,09:42:39,360.95,50,138600
20231229,09:42:47,359.5,50,138600
20231229,09:42:51,357.3,100,138600
20231229,09:42:54,357.6,50,138600
20231229,09:43:03,353.85,250,138600
20231229,09:43:13,354.85,50,138600
20231229,09:43:28,360.45,50,138600
20231229,09:43:32,362.05,2000,138600
20231229,09:43:39,361.8,50,138600
20231229,09:43:41,362.35,350,138600
20231229,09:43:41,362.5,50,138600
20231229,09:43:55,362.2,250,138600
20231229,09:43:58,364.0,500,138600
20231229,09:43:59,364.4,50,138600
20231229,09:44:20,366.0,400,137500
20231229,09:44:21,364.25,200,137500
20231229,09:44:31,364.1,50,137500
20231229,09:44:37,360.35,50,137500
20231229,09:44:38,360.0,350,137500
20231229,09:44:38,359.6,50,137500
20231229,09:44:46,361.35,50,137500
20231229,09:44:51,362.0,600,137500
20231229,09:44:52,363.8,550,137500
20231229,09:44:55,364.05,250,137500
20231229,09:44:56,364.2,450,137500
20231229,09:44:58,363.45,50,137500
20231229,09:45:03,360.65,650,137500
20231229,09:45:04,360.75,450,137500
20231229,09:45:09,359.8,150,137500
20231229,09:45:12,362.55,3400,137500
20231229,09:45:15,362.4,500,137500
20231229,09:45:16,363.75,1800,137500
20231229,09:45:19,362.8,250,137500
20231229,09:45:20,362.4,350,137500
20231229,09:45:21,363.7,200,137500
20231229,09:45:25,362.5,50,137500
20231229,09:45:28,362.2,50,137500
20231229,09:45:32,361.65,50,137500
20231229,09:45:44,359.0,50,137500
20231229,09:45:58,364.6,50,137500
20231229,09:46:06,368.0,450,137500
20231229,09:46:07,367.35,50,137500
20231229,09:46:13,367.7,100,137500
20231229,09:46:21,364.8,100,137500
20231229,09:46:24,364.6,50,137500
20231229,09:46:27,364.8,50,137500
20231229,09:46:29,364.6,150,137500
20231229,09:46:33,365.0,50,137500
20231229,09:46:37,363.4,50,137500
20231229,09:46:38,366.9,300,137500
20231229,09:46:39,366.3,50,137500
20231229,09:46:44,368.0,50,137500
20231229,09:47:47,363.8,150,139600
20231229,09:47:51,361.1,50,139600
20231229,09:47:53,362.2,1800,139600
20231229,09:47:56,362.85,150,139600
20231229,09:48:01,363.0,50,139600
20231229,09:48:02,365.6,200,139600
20231229,09:48:16,359.05,500,139600
20231229,09:48:22,359.85,50,139600
20231229,09:48:23,359.8,250,139600
20231229,09:48:27,362.4,250,139600
20231229,09:48:46,362.4,50,139600
20231229,09:48:54,361.15,50,139600
20231229,09:48:56,361.6,100,139600
20231229,09:49:00,363.25,50,139600
20231229,09:49:14,363.0,50,139600
20231229,09:49:18,361.9,100,139600
20231229,09:49:20,360.75,50,139600
20231229,09:49:21,360.8,50,139600
20231229,09:49:33,363.1,100,139600
20231229,09:49:53,363.1,50,139600
20231229,09:49:56,364.45,350,139600
20231229,09:49:57,363.5,150,139600
20231229,09:49:58,365.05,50,139600
20231229,09:50:00,365.25,100,139600
20231229,09:50:01,366.0,200,139600
20231229,09:50:03,365.9,250,139600
20231229,09:50:04,364.1,150,139600
20231229,09:50:15,365.65,1800,139850
20231229,09:50:17,365.45,50,139850
20231229,09:50:20,365.65,1000,139850
20231229,09:50:24,365.45,100,139850
20231229,09:50:34,361.2,50,139850
20231229,09:50:36,363.0,50,139850
20231229,09:50:38,363.45,50,139850
20231229,09:50:47,364.05,50,139850
20231229,09:50:57,363.55,50,139850
20231229,09:50:58,364.75,100,139850
20231229,09:51:00,364.65,50,139850
20231229,09:51:02,365.9,100,139850
20231229,09:51:16,368.85,1200,139850
20231229,09:51:19,368.45,50,139850
20231229,09:51:20,367.6,50,139850
20231229,09:51:42,363.2,100,139850
20231229,09:51:46,361.8,50,139850
20231229,09:51:47,360.65,50,139850
20231229,09:51:48,361.55,50,139850
20231229,09:51:51,360.1,250,139850
20231229,09:51:53,360.0,600,139850
20231229,09:52:04,360.9,250,139850
20231229,09:52:14,362.4,50,139850
20231229,09:52:22,364.3,250,139850
20231229,09:52:24,363.2,50,139850
20231229,09:52:26,363.05,500,139850
20231229,09:52:42,366.0,50,139850
20231229,09:52:53,367.0,50,139850
20231229,09:52:54,367.95,50,139850
20231229,09:52:56,367.9,50,139850
20231229,09:53:02,369.3,150,139850
20231229,09:53:06,370.4,50,139850
20231229,09:53:07,373.2,150,139850
20231229,09:53:08,375.0,150,139850
20231229,09:53:12,372.6,50,138250
20231229,09:53:17,368.15,50,138250
20231229,09:53:25,369.2,200,138250
20231229,09:54:02,364.5,100,138250
20231229,09:54:03,364.7,50,138250
20231229,09:54:22,364.0,50,138250
20231229,09:54:28,363.65,150,138250
20231229,09:54:33,362.5,150,138250
20231229,09:54:39,359.8,150,138250
20231229,09:54:48,361.55,1150,138250
20231229,09:54:53,360.45,350,138250
20231229,09:54:55,360.55,450,138250
20231229,09:54:57,362.05,450,138250
20231229,09:55:00,363.35,100,138250
20231229,09:55:01,364.8,100,138250
20231229,09:55:03,364.3,450,138250
20231229,09:55:04,364.5,50,138250
20231229,09:55:06,366.6,200,138250
20231229,09:55:09,366.7,150,138250
20231229,09:55:27,367.0,50,138250
20231229,09:55:30,366.95,50,138250
20231229,09:55:40,369.7,150,138250
20231229,09:55:41,370.0,50,138250
20231229,09:55:47,367.85,250,138250
20231229,09:55:58,370.6,1900,138250
20231229,09:56:02,368.3,50,138250
20231229,09:56:08,367.8,200,138250
20231229,09:56:11,366.6,50,138250
20231229,09:56:28,367.9,250,138000
20231229,09:56:32,369.0,50,138000
20231229,09:56:41,370.0,100,138000
20231229,09:56:48,371.7,1000,138000
20231229,09:56:50,369.45,50,138000
20231229,09:56:58,366.6,50,138000
20231229,09:57:17,369.0,50,138000
20231229,09:57:20,367.65,50,138000
20231229,09:57:55,371.0,50,138000
20231229,09:58:04,371.15,100,138000
20231229,09:58:09,374.7,350,138000
20231229,09:58:10,375.0,300,138000
20231229,09:58:16,378.9,50,138000
20231229,09:58:17,379.1,800,138000
20231229,09:58:33,378.6,100,138000
20231229,09:58:35,378.4,50,138000
20231229,09:58:52,377.5,50,138000
20231229,09:58:54,378.3,150,138000
20231229,09:58:57,380.0,450,138000
20231229,09:59:09,380.05,450,138000
20231229,09:59:11,380.05,50,138000
20231229,09:59:17,381.4,100,138000
20231229,09:59:20,382.05,150,139750
20231229,09:59:25,380.35,50,139750
20231229,09:59:28,378.6,50,139750
20231229,09:59:36,377.0,700,139750
20231229,09:59:42,379.25,50,139750
20231229,09:59:44,381.3,150,139750
20231229,09:59:46,381.5,600,139750
20231229,09:59:47,382.2,100,139750
20231229,09:59:49,383.3,250,139750
20231229,09:59:55,383.3,800,139750
20231229,09:59:58,383.3,100,139750
20231229,10:00:04,383.55,50,139750
20231229,10:00:07,382.05,150,139750
20231229,10:00:09,382.0,50,139750
20231229,10:00:20,380.65,50,139750
20231229,10:00:22,381.4,50,139750
20231229,10:00:24,378.85,50,139750
20231229,10:00:26,379.5,50,139750
20231229,10:00:28,379.05,50,139750
20231229,10:00:32,378.2,50,139750
20231229,10:00:38,377.5,350,139750
20231229,10:00:44,376.1,50,139750
20231229,10:01:11,378.8,100,139750
20231229,10:01:17,374.55,250,139750
20231229,10:01:19,374.2,50,139750
20231229,10:01:29,373.05,50,139750
20231229,10:01:38,372.85,250,139750
20231229,10:01:52,373.5,50,139750
20231229,10:01:57,371.9,50,139750
20231229,10:02:02,373.6,100,139750
20231229,10:02:08,373.8,50,139750
20231229,10:02:15,373.8,50,139600
20231229,10:02:39,374.7,200,139600
20231229,10:02:52,372.35,300,139600
20231229,10:02:55,371.15,100,139600
20231229,10:03:00,370.4,50,139600
20231229,10:03:03,368.7,50,139600
20231229,10:03:09,367.95,50,139600
20231229,10:03:14,368.4,100,139600
20231229,10:03:20,366.0,800,139600
20231229,10:03:40,367.25,50,139600
20231229,10:03:43,363.5,50,139600
20231229,10:03:43,362.85,50,139600
20231229,10:03:53,364.7,50,139600
20231229,10:03:54,364.8,50,139600
20231229,10:04:08,366.1,100,139600
20231229,10:04:09,367.35,100,139600
20231229,10:04:10,367.85,100,139600
20231229,10:04:12,368.4,50,139600
20231229,10:04:16,367.85,50,139600
20231229,10:04:34,368.85,50,139600
20231229,10:05:08,371.4,50,139600
20231229,10:05:14,373.0,50,138750
20231229,10:05:15,373.1,150,138750
20231229,10:05:32,375.15,50,138750
20231229,10:05:37,375.5,800,138750
20231229,10:05:41,374.8,50,138750
20231229,10:05:44,373.0,300,138750
20231229,10:05:49,371.4,50,138750
20231229,10:06:25,372.1,50,138750
20231229,10:06:26,372.45,100,138750
20231229,10:06:37,374.2,50,138750
20231229,10:06:39,374.6,100,138750
20231229,10:06:49,373.1,450,138750
20231229,10:06:50,373.95,50,138750
20231229,10:06:59,375.0,50,138750
20231229,10:07:03,375.05,100,138750
20231229,10:07:13,378.0,50,138750
20231229,10:07:18,374.45,300,138750
20231229,10:07:32,380.0,350,138750
20231229,10:07:39,384.0,50,138750
20231229,10:07:41,382.4,50,138750
20231229,10:07:43,386.4,350,138750
20231229,10:07:46,389.1,600,138750
20231229,10:07:47,387.45,50,138750
20231229,10:07:50,390.0,50,138750
20231229,10:07:51,390.25,50,138750
20231229,10:07:52,391.5,1000,138750
20231229,10:07:55,391.95,350,138750
20231229,10:07:56,395.2,2200,138750
20231229,10:07:57,395.6,400,138750
20231229,10:07:58,396.8,150,138750
20231229,10:07:59,397.65,400,138750
20231229,10:08:01,397.65,500,138750
20231229,10:08:02,395.05,50,138750
20231229,10:08:04,397.6,50,138750
20231229,10:08:05,394.4,100,138750
20231229,10:08:06,398.35,150,138750
20231229,10:08:07,398.35,150,138750
20231229,10:08:08,399.0,100,138750
20231229,10:08:14,399.0,50,141100
20231229,10:08:16,397.8,50,141100
20231229,10:08:18,396.3,150,141100
20231229,10:08:20,395.65,50,141100
20231229,10:08:21,395.35,650,141100
20231229,10:08:24,396.3,50,141100
20231229,10:08:26,400.75,950,141100
20231229,10:08:27,400.75,50,141100
20231229,10:08:29,400.05,150,141100
20231229,10:08:31,401.6,50,141100
20231229,10:08:32,402.55,50,141100
20231229,10:08:33,403.05,650,141100
20231229,10:08:34,403.75,50,141100
20231229,10:08:37,403.75,50,141100
20231229,10:08:39,403.8,100,141100
20231229,10:08:40,403.85,50,141100
20231229,10:08:41,403.85,50,141100
20231229,10:08:44,403.75,50,141100
20231229,10:08:48,406.0,100,141100
20231229,10:08:53,406.0,100,141100
20231229,10:09:00,404.25,150,141100
20231229,10:09:02,405.1,50,141100
20231229,10:09:03,404.3,350,141100
20231229,10:09:06,404.7,250,141100
20231229,10:09:14,403.05,200,141100
20231229,10:09:19,401.65,50,141100
20231229,10:09:22,399.05,100,141100
20231229,10:09:25,399.3,150,141100
20231229,10:09:27,399.7,50,141100
20231229,10:09:28,399.0,100,141100
20231229,10:09:33,403.8,50,141100
20231229,10:09:35,404.0,200,141100
20231229,10:09:36,403.65,100,141100
20231229,10:09:39,404.1,50,141100
20231229,10:09:43,404.5,600,141100
20231229,10:09:44,403.1,150,141100
20231229,10:09:46,402.8,600,141100
20231229,10:09:55,402.85,550,141100
20231229,10:09:56,403.0,50,141100
20231229,10:10:03,405.75,50,141100
20231229,10:10:09,410.0,700,141100
20231229,10:10:11,412.75,800,141100
20231229,10:10:13,412.75,50,141100
20231229,10:10:15,412.5,50,141100
20231229,10:10:16,413.85,1300,141100
20231229,10:10:17,414.25,50,141100
20231229,10:10:22,414.25,750,141100
20231229,10:10:32,411.3,50,141100
20231229,10:10:33,412.1,50,141100
20231229,10:10:34,411.05,200,141100
20231229,10:10:45,409.4,100,141100
20231229,10:10:58,407.4,100,141100
20231229,10:11:00,407.6,50,141100
20231229,10:11:03,406.4,50,141100
20231229,10:11:05,408.75,50,141100
20231229,10:11:09,411.2,50,141100
20231229,10:11:14,412.75,50,138250
20231229,10:11:15,414.0,50,138250
20231229,10:11:16,413.65,400,138250
20231229,10:11:18,415.0,200,138250
20231229,10:11:19,415.75,100,138250
20231229,10:11:20,415.75,100,138250
20231229,10:11:28,409.9,50,138250
20231229,10:11:42,405.5,1000,138250
20231229,10:11:43,406.8,250,138250
20231229,10:11:45,407.2,250,138250
20231229,10:11:46,407.25,50,138250
20231229,10:12:00,407.5,50,138250
20231229,10:12:10,405.0,150,138250
20231229,10:12:28,415.0,50,138250
20231229,10:12:31,416.0,250,138250
20231229,10:12:43,408.9,50,138250
20231229,10:12:45,411.55,100,138250
20231229,10:12:52,411.0,800,138250
20231229,10:12:53,413.25,50,138250
20231229,10:12:54,413.35,100,138250
20231229,10:12:55,412.6,200,138250
20231229,10:13:00,412.65,300,138250
20231229,10:13:24,416.45,100,138250
20231229,10:13:25,416.45,850,138250
20231229,10:13:26,416.45,100,138250
20231229,10:14:02,411.0,150,138250
20231229,10:14:04,411.0,50,138250
20231229,10:14:04,409.8,50,138250
20231229,10:14:09,410.3,50,138250
20231229,10:14:17,412.0,50,136800
20231229,10:14:20,411.35,50,136800
20231229,10:14:29,413.2,50,136800
20231229,10:14:30,416.0,150,136800
20231229,10:14:36,421.0,300,136800
20231229,10:14:37,422.9,50,136800
20231229,10:14:38,423.0,50,136800
20231229,10:14:38,424.8,100,136800
20231229,10:14:40,425.0,50,136800
20231229,10:14:42,425.0,250,136800
20231229,10:14:49,428.05,900,136800
20231229,10:14:51,430.2,400,136800
20231229,10:14:57,432.0,100,136800
20231229,10:14:57,430.0,50,136800
20231229,10:15:06,432.95,100,136800
20231229,10:15:07,432.95,50,136800
20231229,10:15:11,434.55,50,136800
20231229,10:15:18,434.55,50,136800
20231229,10:15:19,426.2,50,136800
20231229,10:15:20,425.95,50,136800
20231229,10:15:21,424.55,400,136800
20231229,10:15:24,425.45,50,136800
20231229,10:15:35,424.0,250,136800
20231229,10:15:49,424.15,250,136800
20231229,10:15:55,423.9,50,136800
20231229,10:15:56,424.2,50,136800
20231229,10:16:05,429.0,100,136800
20231229,10:16:13,430.6,200,136800
20231229,10:16:19,427.15,250,136800
20231229,10:16:45,427.0,100,136800
20231229,10:16:52,426.1,50,136800
20231229,10:17:01,423.0,300,136800
20231229,10:17:03,423.1,50,136800
20231229,10:17:07,421.5,50,136800
20231229,10:17:13,418.5,250,136800
20231229,10:17:20,420.2,550,134600
20231229,10:17:28,418.5,200,134600
20231229,10:17:35,414.9,50,134600
20231229,10:17:35,413.85,50,134600
20231229,10:17:46,417.0,350,134600
20231229,10:17:48,416.4,100,134600
20231229,10:17:50,415.3,100,134600
20231229,10:17:51,415.0,50,134600
20231229,10:18:09,410.0,250,134600
20231229,10:18:24,413.6,400,134600
20231229,10:18:43,411.0,100,134600
20231229,10:18:44,410.0,100,134600
20231229,10:19:05,408.0,500,134600
20231229,10:19:06,408.45,350,134600
20231229,10:19:10,408.3,50,134600
20231229,10:19:13,407.35,350,134600
20231229,10:19:15,403.8,150,134600
20231229,10:19:34,406.65,100,134600
20231229,10:19:39,404.0,100,134600
20231229,10:19:44,403.8,350,134600
20231229,10:20:05,401.45,50,134600
20231229,10:20:10,401.65,50,134600
20231229,10:20:25,408.9,300,134900
20231229,10:20:29,410.4,50,134900
20231229,10:20:32,412.2,250,134900
20231229,10:20:50,412.2,100,134900
