date,time,tick_price,volume,open_interest
20240116,11:29:08,1163.95,50,50
20240118,09:22:16,573.05,1,50
20240118,09:22:16,573.05,50,50
20240118,12:02:58,617.0,50,50
20240119,09:53:23,663.4,1,100
20240119,09:53:23,663.4,50,100
20240119,13:25:59,716.0,50,100
20240119,14:14:44,716.0,1000,150
20240119,14:14:51,694.9,400,150
20240119,14:20:20,702.35,250,1050
20240119,15:06:02,725.25,200,1000
20240119,15:10:30,724.85,100,1000
20240119,15:11:07,720.0,200,1000
20240120,15:12:01,628.05,1,1250
20240120,15:12:01,628.05,50,1250
20240123,09:49:36,774.5,50,1250
20240123,10:06:44,725.0,50,1250
20240123,10:44:04,614.75,100,1300
20240123,10:44:23,617.8,50,1300
20240123,10:47:14,620.0,50,1300
20240123,10:47:45,608.25,50,1350
20240123,10:48:46,599.5,50,1350
20240123,10:49:03,603.4,50,1350
20240123,10:49:17,614.65,50,1350
20240123,10:50:03,602.6,50,1350
20240123,10:51:14,608.05,50,1450
20240123,10:51:28,602.75,50,1450
20240123,10:51:35,604.15,400,1450
20240123,10:52:40,610.0,100,1450
20240123,10:53:19,623.7,100,1450
20240123,11:20:44,610.2,350,2000
20240123,11:29:28,620.25,50,2200
20240123,11:35:28,597.95,100,2250
20240123,11:40:35,572.4,50,2200
20240123,11:43:00,575.6,50,2200
20240123,11:46:14,544.95,50,2200
20240123,11:50:35,563.95,100,2200
20240123,11:51:12,557.3,50,2200
20240123,11:51:33,553.95,50,2200
20240123,11:55:31,538.95,100,2250
20240123,11:57:06,541.25,50,2350
20240123,12:02:32,523.0,50,2400
20240123,12:04:42,502.0,200,2450
20240123,12:05:04,506.0,50,2450
20240123,12:05:29,504.85,50,2450
20240123,12:06:43,494.25,150,2700
20240123,12:06:52,487.85,200,2700
20240123,12:07:37,479.6,300,2700
20240123,12:07:40,479.55,100,2700
20240123,12:08:25,486.85,500,2700
20240123,12:08:29,488.7,50,2700
20240123,12:09:07,494.5,100,3950
20240123,12:09:30,490.5,100,3950
20240123,12:09:35,486.6,200,3950
20240123,12:09:52,488.5,100,3950
20240123,12:10:00,486.05,100,3950
20240123,12:10:06,489.85,50,3950
20240123,12:10:23,495.95,50,3950
20240123,12:10:40,487.35,100,3950
20240123,12:11:16,491.5,900,3950
20240123,12:11:40,492.45,250,3950
20240123,12:11:43,493.75,100,3950
20240123,12:12:01,491.25,200,5500
20240123,12:12:54,495.55,50,5500
20240123,12:13:34,496.55,100,5500
20240123,12:14:45,496.9,100,5500
20240123,12:14:55,495.85,100,5500
20240123,12:15:39,502.2,100,5950
20240123,12:16:08,515.95,50,5950
20240123,12:16:27,525.7,200,5950
20240123,12:18:42,506.3,50,6250
20240123,12:19:48,497.6,100,6250
20240123,12:19:59,493.35,350,6250
20240123,12:20:11,499.1,150,6250
20240123,12:21:34,491.95,100,6800
20240123,12:22:03,495.55,50,6800
20240123,12:25:15,489.6,100,6950
20240123,12:25:30,495.35,100,6950
20240123,12:25:56,490.25,100,6950
20240123,12:28:01,497.75,100,6950
20240123,12:28:47,496.95,50,7250
20240123,12:29:05,500.05,50,7250
20240123,12:31:20,505.0,50,7450
20240123,12:41:58,505.65,50,7450
20240123,12:44:34,507.25,50,7500
20240123,12:46:15,492.35,100,7500
20240123,12:46:32,489.3,200,7500
20240123,12:49:07,503.1,50,7800
20240123,12:53:30,496.2,100,7850
20240123,12:55:49,495.65,100,7950
20240123,12:58:08,485.7,100,8050
20240123,12:58:22,479.1,100,8050
20240123,12:58:34,480.1,50,8050
20240123,12:59:02,476.5,250,8050
20240123,12:59:22,476.0,100,8050
20240123,12:59:36,473.75,150,8050
20240123,13:00:20,475.8,50,8500
20240123,13:06:37,480.0,50,8550
20240123,13:07:34,479.85,200,8550
20240123,13:08:20,474.3,50,8550
20240123,13:09:21,466.0,100,8700
20240123,13:10:10,460.1,250,8700
20240123,13:10:15,458.45,200,8700
20240123,13:10:37,456.35,550,8700
20240123,13:11:00,451.45,100,8700
20240123,13:11:32,457.95,250,8700
20240123,13:11:49,456.7,200,8700
20240123,13:17:49,468.7,50,10250
20240123,13:21:40,463.85,100,10300
20240123,13:24:16,463.0,100,10400
20240123,13:25:28,457.8,200,10400
20240123,13:27:06,459.6,100,10400
20240123,13:28:46,469.5,50,10600
20240123,13:28:54,469.8,50,10600
20240123,13:31:52,469.35,200,10600
20240123,13:32:22,465.55,300,10600
20240123,13:34:02,464.0,500,10800
20240123,13:34:11,464.85,400,10800
20240123,13:41:46,458.15,50,11700
20240123,13:43:05,455.9,100,11700
20240123,13:44:09,457.05,200,11700
20240123,13:44:34,460.15,50,11700
20240123,13:51:09,450.35,100,11600
20240123,13:56:40,433.0,150,11700
20240123,13:57:57,433.0,50,11550
20240123,13:58:07,430.0,50,11550
20240123,14:00:52,431.65,200,11650
20240123,14:01:15,426.25,50,11650
20240123,14:02:12,434.9,50,11650
20240123,14:06:15,446.25,50,11750
20240123,14:10:16,431.55,100,11800
20240123,14:15:14,433.05,50,11900
20240123,14:16:41,424.55,50,11950
20240123,14:22:47,405.3,50,11950
20240123,14:24:39,398.8,50,12000
20240123,14:25:28,391.7,50,12000
20240123,14:25:55,393.05,50,12000
20240123,14:27:18,375.7,50,12150
20240123,14:27:53,376.45,50,12150
20240123,14:28:40,378.4,100,12150
20240123,14:29:12,374.15,50,12150
20240123,14:30:30,375.55,50,12250
20240123,14:31:58,395.2,50,12250
20240123,14:34:43,382.1,150,12350
20240123,14:38:59,374.4,50,12400
20240123,14:39:28,367.95,50,12400
20240123,14:39:46,371.75,200,12400
20240123,14:39:52,368.9,150,12400
20240123,14:41:02,376.75,150,12400
20240123,14:42:01,378.9,150,12400
20240123,14:42:16,378.1,100,12400
20240123,14:45:20,367.1,100,12750
20240123,14:45:28,371.45,50,12750
20240123,14:45:55,369.15,50,12750
20240123,14:48:31,373.4,50,12800
20240123,14:48:55,379.3,50,12800
20240123,14:50:34,382.05,50,12800
20240123,14:50:53,389.55,50,12800
20240123,14:51:29,384.45,50,12900
20240123,14:53:16,376.45,50,12900
20240123,14:54:45,373.35,100,12900
20240123,14:56:00,373.35,50,12900
20240123,14:57:01,364.2,50,12900
20240123,14:58:06,357.5,50,12950
20240123,14:59:00,353.5,150,12950
20240123,14:59:43,355.6,50,12950
20240123,15:00:02,357.65,250,12950
20240123,15:00:23,355.45,100,13100
20240123,15:00:52,355.05,100,13100
20240123,15:02:05,343.0,50,13100
20240123,15:02:50,339.95,50,13100
20240123,15:04:00,327.85,100,13250
20240123,15:04:05,328.85,150,13250
20240123,15:04:17,329.05,50,13250
20240123,15:04:27,332.0,100,13250
20240123,15:04:48,329.05,200,13250
20240123,15:05:31,329.9,100,13250
20240123,15:06:45,335.35,200,13400
20240123,15:06:49,336.65,50,13400
20240123,15:07:03,339.15,100,13400
20240123,15:07:23,343.35,100,13400
20240123,15:07:26,346.1,50,13400
20240123,15:07:49,352.25,50,13400
20240123,15:09:12,351.35,150,13400
20240123,15:09:13,353.0,50,13400
20240123,15:09:32,359.05,100,13600
20240123,15:09:50,358.15,250,13600
20240123,15:10:26,365.5,50,13600
20240123,15:12:08,358.05,100,13600
20240123,15:13:23,355.85,100,13400
20240123,15:17:22,361.8,50,13400
20240123,15:18:12,364.7,300,13400
20240123,15:21:46,371.45,50,13400
20240123,15:21:56,374.45,50,13400
20240123,15:22:06,371.8,50,13400
20240123,15:22:08,371.6,200,13400
20240123,15:22:10,371.55,50,13400
20240123,15:22:41,369.85,100,13400
20240123,15:23:12,371.15,150,13400
20240123,15:23:21,371.1,100,13400
20240123,15:23:53,366.8,100,13400
20240123,15:24:51,363.7,50,13700
20240123,15:24:54,364.0,50,13700
20240123,15:25:26,365.0,50,13700
20240123,15:25:27,365.05,50,13700
20240123,15:25:29,364.35,50,13700
20240123,15:25:44,363.9,50,13700
20240123,15:25:51,363.75,50,13700
20240123,15:25:57,365.75,150,13700
20240123,15:27:11,364.75,200,13700
20240123,15:28:14,367.2,50,13850
20240123,15:28:49,365.2,150,13850
20240123,15:29:13,363.0,50,13850
20240123,15:29:31,355.0,300,13850
20240123,15:29:59,355.45,1,14000
20240124,09:15:44,368.85,1,14000
20240124,09:15:44,368.85,100,14000
20240124,09:15:48,372.95,200,14000
20240124,09:15:50,372.95,100,14000
20240124,09:16:39,359.5,50,14000
20240124,09:16:48,353.4,50,14000
20240124,09:16:53,353.4,100,14000
20240124,09:17:01,357.2,100,14000
20240124,09:17:03,359.25,100,14000
20240124,09:17:05,357.0,50,14000
20240124,09:17:06,357.1,100,14000
20240124,09:17:09,359.1,400,14000
20240124,09:17:11,357.8,250,14000
20240124,09:17:12,357.1,100,14000
20240124,09:17:13,357.65,50,14000
20240124,09:17:16,355.0,50,14000
20240124,09:17:27,353.35,50,14000
20240124,09:17:32,353.35,50,14000
20240124,09:17:34,355.7,50,14000
20240124,09:17:47,355.7,100,14300
20240124,09:17:49,353.9,100,14300
20240124,09:17:52,353.5,100,14300
20240124,09:17:56,353.9,50,14300
20240124,09:17:58,352.3,50,14300
20240124,09:18:01,350.7,200,14300
20240124,09:18:08,347.4,200,14300
20240124,09:18:10,344.8,350,14300
20240124,09:18:11,344.8,300,14300
20240124,09:18:16,346.1,350,14300
20240124,09:18:20,345.1,150,14300
20240124,09:18:40,338.7,50,14300
20240124,09:19:09,337.0,100,14300
20240124,09:19:11,336.6,350,14300
20240124,09:19:33,329.6,100,14300
20240124,09:19:39,329.6,150,14300
20240124,09:19:41,333.2,350,14300
20240124,09:19:43,338.0,400,14300
20240124,09:19:44,335.9,50,14300
20240124,09:19:53,334.1,50,14300
20240124,09:20:03,336.6,50,14300
20240124,09:20:04,335.85,500,14300
20240124,09:20:33,343.1,50,14300
20240124,09:20:34,346.05,150,14300
20240124,09:20:41,349.15,100,16250
20240124,09:20:44,354.05,100,16250
20240124,09:20:48,355.6,2800,16250
20240124,09:20:49,354.1,100,16250
20240124,09:20:53,364.6,100,16250
20240124,09:20:54,357.8,600,16250
20240124,09:20:58,357.45,100,16250
20240124,09:21:04,358.7,350,16250
20240124,09:21:08,360.9,250,16250
20240124,09:21:09,364.85,350,16250
20240124,09:21:18,373.55,100,16250
20240124,09:21:23,373.55,300,16250
20240124,09:21:33,367.05,150,16250
20240124,09:21:38,373.0,50,16250
20240124,09:21:53,382.9,200,16250
20240124,09:21:55,386.4,150,16250
20240124,09:21:56,382.85,50,16250
20240124,09:22:01,388.55,200,16250
20240124,09:22:03,392.65,50,16250
20240124,09:22:09,393.8,50,16250
20240124,09:22:11,393.8,50,16250
20240124,09:22:13,385.25,50,16250
20240124,09:22:14,387.4,200,16250
20240124,09:22:16,389.75,250,16250
20240124,09:22:18,389.0,100,16250
20240124,09:22:23,388.25,50,16250
20240124,09:22:31,399.95,50,16250
20240124,09:22:33,399.95,50,16250
20240124,09:22:39,390.95,150,16250
20240124,09:22:46,401.6,100,16250
20240124,09:22:49,401.6,50,16250
20240124,09:22:51,396.7,100,16250
20240124,09:22:54,398.05,350,16250
20240124,09:23:01,399.45,50,16250
20240124,09:23:03,393.6,50,16250
20240124,09:23:05,391.95,300,16250
20240124,09:23:06,389.55,50,16250
20240124,09:23:11,400.8,400,16250
20240124,09:23:16,401.25,50,16250
20240124,09:23:18,398.55,100,16250
20240124,09:23:20,398.7,50,16250
20240124,09:23:23,394.25,50,16250
20240124,09:23:25,396.85,100,16250
20240124,09:23:35,399.25,50,16250
20240124,09:23:43,396.7,50,16250
20240124,09:23:45,396.2,150,17050
20240124,09:23:51,397.85,50,17050
20240124,09:23:53,401.25,100,17050
20240124,09:23:56,402.1,50,17050
20240124,09:23:58,402.1,300,17050
20240124,09:23:59,400.35,50,17050
20240124,09:24:08,401.1,1000,17050
20240124,09:24:15,398.4,150,17050
20240124,09:24:16,397.45,50,17050
20240124,09:24:18,394.4,150,17050
20240124,09:24:21,395.6,150,17050
20240124,09:24:25,394.75,50,17050
20240124,09:24:40,402.0,50,17050
20240124,09:25:03,398.4,50,17050
20240124,09:25:08,390.6,200,17050
20240124,09:25:11,392.45,50,17050
20240124,09:25:16,397.4,300,17050
20240124,09:25:25,387.4,100,17050
20240124,09:25:26,387.25,150,17050
20240124,09:25:30,382.35,50,17050
20240124,09:25:31,381.85,200,17050
20240124,09:25:33,380.25,50,17050
20240124,09:25:36,374.95,150,17050
20240124,09:25:40,378.55,250,17050
20240124,09:25:41,378.7,300,17050
20240124,09:25:46,373.6,100,17050
20240124,09:25:55,379.2,50,17050
20240124,09:25:58,383.65,150,17050
20240124,09:26:01,381.3,100,17050
20240124,09:26:03,377.5,50,17050
20240124,09:26:04,376.2,50,17050
20240124,09:26:06,375.1,100,17050
20240124,09:26:08,372.8,250,17050
20240124,09:26:11,374.05,50,17050
20240124,09:26:13,374.65,50,17050
20240124,09:26:21,370.4,100,17050
20240124,09:26:25,365.65,100,17050
20240124,09:26:28,368.0,350,17050
20240124,09:26:33,363.8,50,17050
20240124,09:26:38,371.8,150,17050
20240124,09:26:40,373.35,50,17050
20240124,09:26:46,371.75,50,17700
20240124,09:26:48,372.35,100,17700
20240124,09:26:53,371.75,150,17700
20240124,09:26:56,376.85,50,17700
20240124,09:27:08,376.4,50,17700
20240124,09:27:10,377.5,100,17700
20240124,09:27:20,377.5,100,17700
20240124,09:27:21,378.85,100,17700
20240124,09:27:23,380.1,150,17700
20240124,09:27:25,381.55,100,17700
20240124,09:27:26,378.35,100,17700
20240124,09:27:33,379.85,550,17700
20240124,09:27:35,376.25,100,17700
20240124,09:27:40,374.8,50,17700
20240124,09:27:41,377.95,100,17700
20240124,09:27:43,379.5,150,17700
20240124,09:27:48,375.0,50,17700
20240124,09:27:53,374.65,50,17700
20240124,09:27:58,382.0,250,17700
20240124,09:28:00,379.4,100,17700
20240124,09:28:03,377.8,300,17700
20240124,09:28:05,376.2,50,17700
20240124,09:28:28,377.2,50,17700
20240124,09:28:53,384.85,100,17700
20240124,09:29:06,388.05,50,17700
20240124,09:29:08,386.75,50,17700
20240124,09:29:10,386.1,300,17700
20240124,09:29:13,384.85,50,17700
20240124,09:29:16,389.15,100,17700
20240124,09:29:20,390.0,50,17700
20240124,09:29:38,394.9,100,17700
20240124,09:29:46,393.15,50,17500
20240124,09:29:53,400.6,200,17500
20240124,09:29:55,401.0,400,17500
20240124,09:29:58,403.0,300,17500
20240124,09:30:00,404.35,50,17500
20240124,09:30:01,404.35,50,17500
20240124,09:30:10,394.45,50,17500
20240124,09:30:20,398.7,100,17500
20240124,09:30:33,400.45,50,17500
20240124,09:31:07,401.8,50,17500
20240124,09:31:10,402.75,300,17500
20240124,09:31:18,397.05,50,17500
20240124,09:31:45,410.2,50,17500
20240124,09:31:52,414.5,100,17500
20240124,09:31:53,414.5,50,17500
20240124,09:31:55,411.35,400,17500
20240124,09:31:57,413.05,1000,17500
20240124,09:32:01,411.0,100,17500
20240124,09:32:05,411.0,250,17500
20240124,09:32:06,407.65,50,17500
20240124,09:32:13,413.5,50,17500
20240124,09:32:18,413.85,50,17500
20240124,09:32:40,419.0,100,17500
20240124,09:32:41,419.0,100,17500
20240124,09:32:43,413.85,50,16750
20240124,09:32:45,416.2,50,16750
20240124,09:32:46,416.3,50,16750
20240124,09:32:52,416.3,100,16750
20240124,09:32:58,418.45,50,16750
20240124,09:33:05,419.35,50,16750
20240124,09:33:10,420.05,150,16750
20240124,09:33:15,420.2,100,16750
20240124,09:33:17,420.2,100,16750
20240124,09:33:18,419.6,200,16750
20240124,09:33:25,418.7,50,16750
20240124,09:33:28,415.75,350,16750
20240124,09:33:38,414.35,900,16750
20240124,09:33:45,410.0,250,16750
20240124,09:33:50,408.4,150,16750
20240124,09:33:55,406.45,250,16750
20240124,09:33:58,408.9,100,16750
20240124,09:34:07,405.5,50,16750
20240124,09:34:17,400.0,50,16750
20240124,09:34:18,398.25,50,16750
20240124,09:34:20,398.35,50,16750
20240124,09:34:28,401.15,50,16750
20240124,09:34:35,402.45,50,16750
20240124,09:35:07,414.65,50,16750
20240124,09:35:22,417.55,50,16750
20240124,09:35:24,412.55,50,16750
20240124,09:35:34,408.65,100,16750
20240124,09:35:55,403.05,50,15500
20240124,09:36:55,408.25,50,15500
20240124,09:37:05,409.35,50,15500
20240124,09:37:14,410.25,50,15500
20240124,09:37:57,419.05,50,15500
20240124,09:38:00,414.45,50,15500
20240124,09:38:02,415.85,50,15500
20240124,09:38:08,415.1,50,15500
20240124,09:38:10,413.6,50,15500
20240124,09:38:12,416.05,150,15500
20240124,09:38:15,418.0,1800,15500
20240124,09:38:17,418.9,100,15500
20240124,09:39:24,421.9,50,16750
20240124,09:39:42,423.55,100,16750
20240124,09:39:45,425.1,150,16750
20240124,09:40:00,425.1,100,16750
20240124,09:40:04,427.3,100,16750
20240124,09:40:07,427.75,50,16750
20240124,09:40:14,428.0,100,16750
20240124,09:40:24,428.75,50,16750
20240124,09:40:50,428.75,50,16750
20240124,09:41:09,416.15,100,16750
20240124,09:41:10,416.95,1650,16750
20240124,09:41:22,424.7,50,16750
20240124,09:42:26,422.55,50,15200
20240124,09:42:39,421.7,50,15200
20240124,09:43:09,424.0,100,15200
20240124,09:43:22,422.9,50,15200
20240124,09:43:42,419.05,50,15200
20240124,09:43:51,419.8,50,15200
20240124,09:43:57,419.9,50,15200
20240124,09:43:59,421.2,50,15200
20240124,09:44:14,419.5,50,15200
20240124,09:45:38,433.65,100,15150
20240124,09:45:58,436.2,100,15150
20240124,09:46:03,436.2,50,15150
20240124,09:46:13,434.85,200,15150
20240124,09:46:25,440.0,50,15150
20240124,09:46:41,442.6,50,15150
20240124,09:47:05,443.35,250,15150
20240124,09:47:15,440.05,50,15150
20240124,09:47:20,443.65,50,15150
20240124,09:47:40,449.0,50,15150
20240124,09:47:41,449.0,50,15150
20240124,09:47:46,446.55,100,15150
20240124,09:48:11,442.0,250,15150
20240124,09:48:48,440.0,50,15150
20240124,09:49:08,431.5,50,15150
20240124,09:49:15,436.2,200,15150
20240124,09:50:00,440.2,50,15150
20240124,09:51:00,442.0,50,15150
20240124,09:51:05,438.5,50,15250
20240124,09:51:15,437.3,50,15250
20240124,09:51:55,443.7,50,15250
20240124,09:54:55,451.0,50,15250
20240124,09:55:16,452.35,50,15250
20240124,09:55:26,459.6,50,15250
20240124,09:55:29,462.75,100,15250
20240124,09:55:31,464.6,100,15250
20240124,09:55:36,464.6,100,15250
20240124,09:56:02,463.75,100,15250
20240124,09:56:27,475.75,50,15250
20240124,09:56:32,475.75,50,15250
20240124,09:56:35,475.75,50,15250
20240124,09:57:07,483.55,50,15250
20240124,09:57:36,486.15,50,15250
20240124,09:57:39,486.4,50,15250
20240124,09:57:42,486.8,50,15250
20240124,09:57:46,489.25,50,15250
20240124,09:57:54,489.25,100,15250
20240124,09:58:02,488.15,150,15250
20240124,09:59:09,498.95,50,15250
20240124,09:59:12,498.95,50,15250
20240124,09:59:16,500.3,200,15250
20240124,09:59:32,500.5,100,15250
20240124,09:59:39,500.5,50,15250
20240124,09:59:56,503.05,50,15000
20240124,10:00:39,517.15,50,15000
20240124,10:01:19,517.15,50,15000
20240124,10:01:24,503.15,400,15000
20240124,10:01:29,510.3,750,15000
20240124,10:02:46,486.85,50,15000
20240124,10:03:01,497.55,50,14200
20240124,10:03:51,471.9,100,14200
20240124,10:04:09,477.05,150,14200
20240124,10:04:13,479.1,50,14200
20240124,10:04:49,464.1,100,14200
20240124,10:04:53,464.75,150,14200
20240124,10:05:01,465.6,50,14200
20240124,10:05:06,472.55,50,14200
20240124,10:05:08,471.4,800,14200
20240124,10:05:19,474.0,50,14200
20240124,10:05:29,481.65,50,14200
20240124,10:05:34,476.65,50,14200
20240124,10:05:39,481.1,50,14200
20240124,10:05:48,487.1,50,13450
20240124,10:06:08,494.15,50,13450
20240124,10:06:11,492.2,450,13450
20240124,10:06:14,492.75,50,13450
20240124,10:06:50,503.3,50,13450
20240124,10:07:10,498.35,50,13450
20240124,10:07:16,490.05,600,13450
20240124,10:07:18,490.95,200,13450
20240124,10:07:35,498.5,50,13450
20240124,10:07:38,494.75,200,13450
20240124,10:09:05,484.2,50,13800
20240124,10:09:30,475.2,50,13800
20240124,10:10:00,467.95,50,13800
20240124,10:10:41,462.15,50,13800
20240124,10:10:45,466.4,50,13800
20240124,10:11:03,466.5,50,13800
20240124,10:11:18,462.1,50,13800
20240124,10:11:20,460.4,50,13800
20240124,10:11:45,455.2,100,13800
20240124,10:11:46,455.0,250,13800
20240124,10:11:48,456.75,100,13800
20240124,10:11:53,452.65,50,13850
20240124,10:11:55,453.55,50,13850
20240124,10:12:03,456.95,400,13850
20240124,10:12:06,455.65,400,13850
20240124,10:12:08,460.95,450,13850
20240124,10:12:18,458.55,50,13850
20240124,10:13:10,457.6,450,13850
20240124,10:13:21,452.4,300,13850
20240124,10:13:38,446.0,50,13850
20240124,10:14:10,458.0,100,13850
20240124,10:14:31,459.55,250,13850
20240124,10:15:42,483.6,50,15400
20240124,10:16:00,488.2,50,15400
20240124,10:17:52,494.1,200,15350
20240124,10:19:02,486.25,50,15350
20240124,10:20:52,500.0,100,15350
20240124,10:23:26,500.0,50,15200
20240124,10:27:48,514.95,50,15200
20240124,10:28:03,510.55,150,15200
20240124,10:28:07,509.9,300,15200
20240124,10:30:52,504.0,100,15250
20240124,10:31:44,515.7,50,15250
20240124,10:31:52,517.0,50,15250
20240124,10:37:06,518.15,100,15250
20240124,10:41:44,495.75,100,15200
20240124,10:42:06,496.9,50,15200
20240124,10:44:18,492.0,100,15200
20240124,10:44:21,491.8,100,15200
20240124,10:45:28,461.75,50,15200
20240124,10:55:23,491.55,50,15250
20240124,10:55:41,491.55,50,15250
20240124,11:05:43,487.0,50,15250
20240124,11:09:00,483.25,150,15250
20240124,11:10:55,485.5,50,15250
20240124,11:14:19,487.55,50,15400
20240124,11:17:18,485.9,50,15350
20240124,11:18:39,489.0,50,15350
20240124,11:18:58,490.05,100,15350
20240124,11:26:19,450.7,50,15450
20240124,11:26:58,440.7,150,15450
20240124,11:27:03,444.75,50,15450
20240124,11:27:18,444.75,50,15450
20240124,11:27:29,440.35,50,15450
20240124,11:29:38,419.7,50,15450
20240124,11:29:58,419.7,50,15450
20240124,11:30:33,411.75,50,15450
20240124,11:30:41,401.75,150,15450
20240124,11:30:46,402.9,150,15450
20240124,11:31:10,398.25,50,15450
20240124,11:31:11,394.8,50,15450
20240124,11:31:25,397.15,50,15450
20240124,11:31:36,391.55,100,15450
20240124,11:31:40,398.95,50,15450
20240124,11:31:51,395.95,50,15450
20240124,11:32:05,387.2,50,15450
20240124,11:32:08,383.8,50,15450
20240124,11:32:21,379.4,100,15450
20240124,11:32:25,379.0,50,15450
20240124,11:32:31,374.15,100,15450
20240124,11:32:36,379.2,100,15450
20240124,11:32:40,378.55,50,15450
20240124,11:33:00,371.55,50,15450
20240124,11:33:01,376.6,100,15550
20240124,11:33:03,374.3,200,15550
20240124,11:33:21,385.45,50,15550
20240124,11:33:25,386.0,100,15550
20240124,11:33:36,388.3,50,15550
20240124,11:33:43,388.75,50,15550
20240124,11:33:55,391.65,50,15550
20240124,11:34:25,400.55,50,15550
20240124,11:35:23,408.05,50,15550
20240124,11:35:45,410.4,50,15550
20240124,11:35:47,408.55,50,15550
20240124,11:36:05,429.1,150,15400
20240124,11:36:45,440.35,100,15400
20240124,11:37:05,443.7,50,15400
20240124,11:37:12,437.75,50,15400
20240124,11:37:28,445.55,100,15400
20240124,11:38:18,437.0,150,15400
20240124,11:38:22,431.35,50,15400
20240124,11:38:42,426.3,50,15400
20240124,11:39:25,425.05,100,15250
20240124,11:39:47,425.8,50,15250
20240124,11:40:03,424.95,50,15250
20240124,11:40:38,423.35,50,15250
20240124,11:40:52,413.65,50,15250
20240124,11:41:21,420.0,50,15250
20240124,11:42:10,429.0,100,15150
20240124,11:42:37,431.3,50,15150
20240124,11:46:04,424.5,50,15150
20240124,11:46:07,425.05,50,15100
20240124,11:48:37,425.05,50,15150
20240124,11:49:57,426.55,50,15150
20240124,11:50:07,429.6,100,15150
20240124,11:52:39,425.2,50,15150
20240124,11:59:27,427.15,50,15150
20240124,11:59:36,424.6,50,15150
20240124,12:02:03,418.95,50,15250
20240124,12:02:19,419.95,50,15250
20240124,12:02:53,416.1,50,15250
20240124,12:03:23,415.45,200,15350
20240124,12:04:10,405.3,50,15350
20240124,12:04:38,401.05,50,15350
20240124,12:04:40,400.1,50,15350
20240124,12:05:20,397.05,50,15350
20240124,12:08:13,401.05,300,15500
20240124,12:10:03,403.8,50,15550
20240124,12:10:13,406.85,50,15550
20240124,12:13:05,397.0,150,15550
20240124,12:14:15,398.55,50,15550
20240124,12:15:17,401.4,50,15700
20240124,12:15:28,400.55,50,15700
20240124,12:15:45,407.4,100,15700
20240124,12:16:37,410.0,50,15700
20240124,12:17:02,405.75,50,15700
20240124,12:18:48,406.8,50,15900
20240124,12:19:52,423.75,50,15900
20240124,12:20:27,421.3,50,15900
20240124,12:22:43,408.55,50,15850
20240124,12:23:12,402.9,50,15850
20240124,12:23:44,407.85,50,15850
20240124,12:23:47,409.5,50,15850
20240124,12:26:00,395.0,50,16000
20240124,12:27:23,398.05,50,16000
20240124,12:28:27,384.75,50,16000
20240124,12:28:42,380.0,150,16000
20240124,12:28:47,380.25,50,16000
20240124,12:29:37,399.3,50,16000
20240124,12:29:38,398.55,50,16000
20240124,12:31:54,394.0,500,16350
20240124,12:33:58,380.95,50,16350
20240124,12:34:14,383.15,50,16850
20240124,12:35:02,388.0,100,16850
20240124,12:37:06,385.2,50,16900
20240124,12:40:52,382.0,50,16900
20240124,12:42:28,384.9,50,16800
20240124,12:42:54,385.0,50,16800
20240124,12:43:16,392.8,50,16800
20240124,12:44:19,385.45,50,16800
20240124,12:45:27,392.8,50,16950
20240124,12:45:44,390.2,150,16950
20240124,12:45:56,390.2,50,16950
20240124,12:46:37,394.9,50,16950
20240124,12:47:29,401.35,50,16950
20240124,12:49:16,396.6,150,17150
20240124,12:49:28,400.0,150,17150
20240124,12:49:29,400.0,350,17150
20240124,12:49:44,409.15,50,17150
20240124,12:49:46,411.25,150,17150
20240124,12:49:59,403.0,100,17150
20240124,12:51:23,415.0,50,17300
20240124,12:51:32,419.5,50,17300
20240124,12:54:36,409.8,50,17350
20240124,12:56:44,418.45,50,17350
20240124,12:57:18,422.95,300,17300
20240124,12:57:34,419.1,50,17300
20240124,12:59:54,435.0,50,17300
20240124,13:00:50,450.1,50,17300
20240124,13:01:06,455.0,100,17350
20240124,13:01:13,455.85,50,17350
20240124,13:01:31,462.05,50,17350
20240124,13:02:16,453.15,50,17350
20240124,13:03:43,461.95,50,17500
20240124,13:05:08,460.0,50,17500
20240124,13:06:45,458.2,50,17400
20240124,13:06:55,463.05,50,17400
20240124,13:07:03,464.2,100,17400
20240124,13:09:35,440.2,50,17400
20240124,13:13:07,441.9,50,17350
20240124,13:16:26,439.35,150,17400
20240124,13:17:41,439.35,100,17400
20240124,13:18:37,444.55,50,17350
20240124,13:19:11,455.7,50,17350
20240124,13:19:21,461.75,50,17350
20240124,13:19:49,463.5,50,17350
20240124,13:21:24,463.5,100,17400
20240124,13:22:12,458.05,100,17400
20240124,13:27:07,442.45,50,17250
20240124,13:27:34,449.7,50,17300
20240124,13:29:19,449.7,50,17300
20240124,13:44:18,441.45,50,17300
20240124,13:48:57,458.45,50,17350
20240124,13:49:05,454.95,50,17350
20240124,14:01:17,456.4,50,17450
20240124,14:07:07,482.15,50,17500
20240124,14:08:30,469.1,50,17500
20240124,14:08:32,464.7,50,17500
20240124,14:09:08,466.05,550,17500
20240124,14:14:27,471.15,50,17500
20240124,14:15:17,476.45,100,17500
20240124,14:22:50,482.05,50,17500
20240124,14:28:10,497.55,50,17500
20240124,14:29:40,502.15,50,17500
20240124,14:29:43,500.1,50,17500
20240124,14:31:03,511.0,100,17500
20240124,14:31:18,507.6,150,17450
20240124,14:33:52,505.25,50,17550
20240124,14:40:20,515.15,50,17550
20240124,14:41:55,530.85,50,17550
20240124,14:43:15,539.9,50,17550
20240124,14:43:30,544.05,50,17550
20240124,14:43:32,544.05,100,17550
20240124,14:43:39,540.95,50,17550
20240124,14:43:57,536.4,50,17550
20240124,14:44:10,538.1,100,17550
20240124,14:44:12,536.3,50,17550
20240124,14:44:42,544.1,50,17550
20240124,14:45:05,544.1,50,17550
20240124,14:45:12,542.95,50,17550
20240124,14:45:19,542.45,50,17550
20240124,14:46:35,526.75,150,17550
20240124,14:48:07,523.55,50,17550
20240124,14:50:09,530.4,50,17450
20240124,14:50:12,529.8,50,17450
20240124,14:50:59,535.6,50,17450
20240124,14:51:04,529.6,150,17450
20240124,14:51:31,538.9,50,17300
20240124,14:51:42,533.25,50,17300
20240124,14:52:46,533.85,100,17300
20240124,14:52:56,529.55,50,17300
20240124,14:52:57,529.8,450,17300
20240124,14:55:17,537.9,50,16800
20240124,14:55:22,536.9,50,16800
20240124,14:56:06,533.8,100,16800
20240124,14:56:33,532.6,50,16800
20240124,14:57:31,531.95,50,16700
20240124,14:58:56,543.95,50,16700
20240124,14:59:17,539.0,100,16700
20240124,14:59:21,538.35,50,16700
20240124,14:59:31,542.5,50,16700
20240124,14:59:52,553.15,50,16700
20240124,14:59:54,553.15,50,16700
20240124,15:00:01,547.6,100,16700
20240124,15:00:26,553.75,50,16700
20240124,15:00:29,554.75,50,16400
20240124,15:00:32,557.25,50,16400
20240124,15:00:46,560.1,50,16400
20240124,15:00:51,560.1,50,16400
20240124,15:01:16,554.3,50,16400
20240124,15:01:17,554.5,250,16400
20240124,15:01:22,558.55,50,16400
20240124,15:01:34,549.0,50,16400
20240124,15:01:39,550.85,50,16400
20240124,15:02:02,542.65,50,16400
20240124,15:02:04,543.9,50,16400
20240124,15:02:19,547.05,50,16400
20240124,15:02:29,546.2,50,16400
20240124,15:03:01,517.55,50,16400
20240124,15:03:04,513.05,50,16400
20240124,15:03:09,505.5,100,16400
20240124,15:03:14,511.0,150,16400
20240124,15:03:16,509.0,50,16400
20240124,15:03:19,511.0,50,16400
20240124,15:04:09,520.3,50,16050
20240124,15:04:14,522.25,50,16050
20240124,15:04:24,539.05,50,16050
20240124,15:04:39,539.55,50,16050
20240124,15:04:43,534.65,100,16050
20240124,15:04:56,525.3,50,16050
20240124,15:05:04,532.65,250,16050
20240124,15:05:16,529.95,50,16050
20240124,15:05:18,532.8,50,16050
20240124,15:05:58,538.6,50,16050
20240124,15:06:46,532.9,50,15650
20240124,15:09:20,528.4,50,15650
20240124,15:11:38,534.75,300,15650
20240124,15:11:51,537.05,50,15650
20240124,15:14:40,535.65,100,15950
20240124,15:14:46,538.0,50,15950
20240124,15:15:20,540.9,750,15950
20240124,15:16:47,551.0,50,16550
20240124,15:17:20,554.5,100,16550
20240124,15:18:32,557.45,50,16550
20240124,15:19:15,559.85,50,16550
20240124,15:19:40,557.9,200,16550
20240124,15:19:56,554.2,50,16550
20240124,15:20:45,554.0,100,16550
20240124,15:23:57,550.0,100,16550
20240124,15:24:19,545.1,50,16550
20240124,15:25:27,547.0,250,16450
20240124,15:26:00,553.95,50,16450
20240124,15:26:02,552.95,50,16450
20240124,15:27:25,558.25,250,16450
20240124,15:29:15,552.65,100,15900
20240124,15:29:23,552.35,50,15900
20240125,09:15:49,519.25,1,15900
20240125,09:15:49,519.3,150,15900
20240125,09:15:59,513.15,100,15900
20240125,09:16:16,506.8,150,15900
20240125,09:16:29,506.8,750,15900
20240125,09:17:14,504.35,50,15900
20240125,09:20:45,500.9,50,15900
20240125,09:24:12,471.5,50,15450
20240125,09:28:09,471.5,50,15400
20240125,09:28:12,509.9,50,15400
20240125,09:28:38,506.25,50,15400
20240125,09:31:16,514.25,50,15300
20240125,09:31:39,501.9,50,15300
20240125,09:31:51,500.0,200,15300
20240125,09:31:58,497.65,100,15300
20240125,09:32:14,492.35,100,15300
20240125,09:32:19,495.95,100,15300
20240125,09:32:46,507.05,50,15300
20240125,09:34:19,490.6,200,15300
20240125,09:35:29,486.05,100,15250
20240125,09:35:39,485.8,50,15250
20240125,09:35:42,484.0,50,15250
20240125,09:35:44,484.4,50,15250
20240125,09:36:06,485.4,50,15300
20240125,09:36:52,488.55,750,15300
20240125,09:37:17,487.15,750,15300
20240125,09:39:05,495.9,100,15300
20240125,09:40:01,485.4,50,15150
20240125,09:40:24,487.1,50,15150
20240125,09:40:43,487.5,50,15150
20240125,09:40:53,492.5,50,15150
20240125,09:40:54,494.3,50,15150
20240125,09:44:39,471.0,50,15100
20240125,09:45:46,459.5,50,15100
20240125,09:45:57,459.5,1800,15100
20240125,09:47:46,475.1,50,15100
20240125,09:49:36,489.35,250,13800
20240125,09:49:39,488.05,50,13800
20240125,09:53:02,479.15,50,13800
20240125,09:54:45,463.25,300,13800
20240125,10:13:06,461.55,200,13800
20240125,10:20:35,428.85,500,13550
20240125,10:21:05,426.0,50,13950
20240125,10:21:23,422.05,50,13950
20240125,10:21:43,422.05,150,13950
20240125,10:25:23,424.0,100,13950
20240125,10:25:24,424.9,100,14050
20240125,10:26:26,434.4,100,14050
20240125,10:27:32,435.3,50,13950
20240125,10:27:53,431.9,50,13950
20240125,10:28:32,438.0,500,13950
20240125,10:31:03,433.7,50,13450
20240125,10:33:57,442.1,50,13500
20240125,10:36:39,427.1,100,13500
20240125,10:38:10,436.4,50,13500
20240125,10:38:17,439.45,100,13500
20240125,10:41:14,452.5,100,13500
20240125,10:43:38,430.3,150,13650
20240125,10:43:47,428.0,500,13650
20240125,10:44:40,436.0,500,13650
20240125,10:45:15,435.5,50,13300
20240125,10:46:50,435.25,50,13300
20240125,10:47:13,436.2,50,13300
20240125,10:47:33,435.0,50,13300
20240125,10:49:35,434.1,100,13300
20240125,10:51:27,428.0,1000,13250
20240125,10:54:27,416.25,500,13250
20240125,10:54:35,409.2,100,13250
20240125,10:54:52,409.2,150,13250
20240125,10:55:00,412.3,500,13250
20240125,10:55:12,400.0,50,13250
20240125,10:55:31,400.0,150,13250
20240125,10:56:38,404.65,250,13250
20240125,10:56:46,403.55,50,13250
20240125,10:58:22,401.85,50,14400
20240125,11:00:49,402.8,150,14450
20240125,11:01:09,404.8,100,14450
20240125,11:01:37,399.05,400,14450
20240125,11:02:53,399.05,50,14450
20240125,11:03:16,408.0,1000,14200
20240125,11:04:30,408.0,50,14200
20240125,11:07:41,410.3,50,13250
20240125,11:07:53,410.4,100,13250
20240125,11:07:59,411.0,150,13250
20240125,11:11:28,415.4,300,12950
20240125,11:14:12,411.0,150,12650
20240125,11:18:03,422.0,1000,12550
20240125,11:18:10,422.45,50,11600
20240125,11:18:53,426.3,50,11600
20240125,11:18:55,426.7,50,11600
20240125,11:20:41,431.05,100,11600
20240125,11:21:40,441.65,50,11650
20240125,11:22:08,449.8,200,11650
20240125,11:23:01,442.5,50,11650
20240125,11:23:31,432.95,50,11650
20240125,11:26:30,441.55,50,11750
20240125,11:31:16,426.25,50,11800
20240125,11:35:28,420.6,50,11800
20240125,11:39:08,463.25,100,11800
20240125,11:40:08,471.5,50,11800
20240125,11:44:37,458.65,50,11750
20240125,11:47:42,446.35,100,11750
20240125,11:48:48,445.7,50,11750
20240125,11:49:54,432.95,50,11750
20240125,11:51:32,426.4,50,11800
20240125,11:52:28,421.15,200,11800
20240125,11:56:51,413.0,50,11650
20240125,11:57:30,415.75,50,11600
20240125,12:12:33,424.15,100,11600
20240125,12:13:15,423.5,800,11600
20240125,12:15:20,417.75,500,11650
20240125,12:16:05,407.4,50,11650
20240125,12:16:47,412.85,50,11650
20240125,12:17:19,412.15,500,11650
20240125,12:18:51,407.3,200,11700
20240125,12:19:02,407.0,50,11700
20240125,12:21:20,405.4,50,11750
20240125,12:24:26,407.0,300,11750
20240125,12:24:28,407.0,600,11750
20240125,12:24:30,407.0,100,11750
20240125,12:24:35,412.1,50,11750
20240125,12:25:58,416.0,50,11750
20240125,12:26:13,417.0,50,11750
20240125,12:35:49,410.1,50,11650
20240125,12:39:21,416.35,50,11700
20240125,12:45:34,407.3,50,11700
20240125,12:53:10,404.4,50,11750
20240125,12:54:18,401.95,100,11750
20240125,12:54:30,402.8,100,11800
20240125,12:55:12,400.1,50,11800
20240125,12:55:27,403.45,50,11800
20240125,12:58:59,392.0,50,11800
20240125,12:59:32,389.45,100,11900
20240125,13:02:20,395.45,50,11900
20240125,13:07:27,395.9,50,11900
20240125,13:15:41,396.1,250,11900
20240125,13:21:39,396.25,50,12150
20240125,13:23:53,396.25,50,12150
20240125,13:24:44,391.4,50,12150
20240125,13:25:27,388.95,800,12150
20240125,13:27:43,386.55,50,12550
20240125,13:29:56,382.15,50,12550
20240125,13:37:01,382.05,100,12600
20240125,13:44:45,382.05,50,12600
20240125,13:45:39,391.85,50,12550
20240125,13:46:49,389.35,50,12550
20240125,13:49:15,396.65,50,12600
20240125,13:49:28,400.2,100,12600
20240125,13:49:48,397.6,50,12600
20240125,13:50:39,403.9,100,12600
20240125,13:50:59,403.9,50,12600
20240125,13:51:52,399.4,100,12750
20240125,13:56:34,389.25,100,12850
20240125,13:56:36,389.15,100,12850
20240125,13:59:25,394.65,50,12850
20240125,14:00:07,395.4,50,12850
20240125,14:03:14,399.2,50,12900
20240125,14:03:45,394.9,150,12900
20240125,14:03:59,397.9,100,12900
20240125,14:04:35,394.85,200,12900
20240125,14:05:44,398.95,150,12900
20240125,14:05:46,396.85,50,12900
20240125,14:10:29,391.95,50,12900
20240125,14:11:09,392.45,50,12900
20240125,14:15:22,381.05,50,12950
20240125,14:16:08,381.05,100,12950
20240125,14:22:59,376.9,400,12850
20240125,14:24:38,376.9,50,12900
20240125,14:25:56,378.45,400,12900
20240125,14:26:48,383.0,150,12900
20240125,14:26:57,384.55,50,12900
20240125,14:29:04,384.55,200,13200
20240125,14:30:06,389.0,200,13200
20240125,14:30:22,391.75,50,13200
20240125,14:31:09,391.4,50,13600
20240125,14:32:19,388.85,50,13600
20240125,14:35:26,378.45,250,13700
20240125,14:36:17,375.0,50,13700
20240125,14:36:22,375.0,50,13700
20240125,14:36:30,375.0,50,13700
20240125,14:36:52,375.0,200,13750
20240125,14:38:09,376.0,50,13750
20240125,14:40:06,370.2,200,14000
20240125,14:40:20,370.2,50,14000
20240125,14:41:01,372.0,100,14000
20240125,14:42:08,371.5,500,14000
20240125,14:42:46,368.6,150,14050
20240125,14:43:23,368.6,150,14050
20240125,14:43:54,366.4,100,14050
20240125,14:44:15,366.4,50,14050
20240125,14:44:23,369.55,100,14050
20240125,14:45:06,370.75,250,14050
20240125,14:47:19,377.35,50,14050
20240125,14:48:31,377.55,100,14050
20240125,14:48:36,377.75,200,14050
20240125,14:48:40,377.9,100,13950
20240125,14:51:04,376.25,50,13950
20240125,14:54:39,381.9,50,14050
20240125,14:56:54,380.1,400,14050
20240125,15:00:03,380.0,150,13750
20240125,15:01:10,392.4,50,13750
20240125,15:01:51,395.9,150,13900
20240125,15:03:50,397.65,100,13850
20240125,15:05:56,405.8,50,13850
20240125,15:07:09,407.6,50,13800
20240125,15:08:13,409.9,600,13800
20240125,15:08:43,411.15,150,13800
20240125,15:09:17,415.8,50,13800
20240125,15:09:50,415.3,200,13800
20240125,15:13:05,433.75,50,14150
20240125,15:13:10,434.4,250,14100
20240125,15:13:11,436.25,50,14100
20240125,15:13:13,436.55,50,14100
20240125,15:13:25,434.65,150,14100
20240125,15:13:38,434.9,50,14100
20240125,15:13:40,434.65,100,14100
20240125,15:13:43,436.25,150,14100
20240125,15:14:13,425.75,150,14100
20240125,15:14:25,423.6,100,14100
20240125,15:14:33,420.15,50,14100
20240125,15:14:36,420.05,150,14100
20240125,15:15:45,420.8,50,14450
20240125,15:16:23,416.4,250,14450
20240125,15:16:58,414.6,50,14450
20240125,15:17:05,415.1,150,14450
20240125,15:17:15,415.75,50,14450
20240125,15:17:42,418.9,50,14450
20240125,15:18:28,423.15,50,14450
20240125,15:19:20,432.1,550,14700
20240125,15:19:22,432.75,150,14700
20240125,15:19:54,426.4,150,14700
20240125,15:20:02,426.8,350,14700
20240125,15:20:42,429.65,150,14700
20240125,15:20:48,430.0,50,14700
20240125,15:21:10,434.55,500,14700
20240125,15:21:18,435.45,50,14700
20240125,15:21:53,433.75,50,16250
20240125,15:21:58,433.7,50,16250
20240125,15:22:10,434.0,50,16250
20240125,15:22:17,434.05,50,16250
20240125,15:22:38,435.0,50,16250
20240125,15:23:22,436.8,50,16250
20240125,15:23:23,438.5,150,16250
20240125,15:23:53,433.45,150,16250
20240125,15:24:52,432.35,50,16200
20240125,15:24:53,434.25,100,16200
20240125,15:25:00,432.65,50,16200
20240125,15:25:03,433.8,50,16200
20240125,15:25:43,437.8,550,16200
20240125,15:26:19,441.4,50,16200
20240125,15:26:24,441.85,400,16200
20240125,15:26:44,442.3,350,16200
20240125,15:26:52,444.6,50,16200
20240125,15:26:57,446.5,1200,16200
20240125,15:27:07,447.65,50,16200
20240125,15:27:11,447.2,650,16200
20240125,15:27:21,448.05,50,16200
20240125,15:27:46,448.95,550,17500
20240125,15:28:03,448.35,600,17500
20240125,15:28:19,450.5,150,17500
20240125,15:29:06,443.6,50,17500
20240125,15:29:21,439.2,150,17500
20240129,09:15:01,501.55,1,17500
20240129,09:15:01,501.55,100,17500
20240129,09:15:05,513.4,250,17000
20240129,09:15:11,528.0,50,17000
20240129,09:15:45,531.15,50,17000
20240129,09:15:50,531.15,100,17000
20240129,09:15:53,532.55,200,17000
20240129,09:16:04,530.8,50,17000
20240129,09:16:47,525.85,50,17000
20240129,09:16:59,529.6,100,17000
20240129,09:17:01,527.4,2050,17000
20240129,09:17:14,532.95,300,17000
20240129,09:17:24,532.95,150,16250
20240129,09:17:29,524.45,50,16250
20240129,09:17:39,523.6,50,16250
20240129,09:17:49,524.15,50,16250
20240129,09:17:50,524.2,50,16250
20240129,09:17:52,521.9,50,16250
20240129,09:17:54,519.9,50,16250
20240129,09:17:55,519.7,50,16250
20240129,09:17:59,520.25,50,16250
20240129,09:18:01,524.8,100,16250
20240129,09:18:04,519.7,50,16250
20240129,09:19:43,535.0,50,16250
20240129,09:19:52,535.0,50,16250
20240129,09:20:00,539.95,50,16250
20240129,09:20:15,550.0,50,16750
20240129,09:20:18,550.0,50,16750
20240129,09:20:21,552.8,50,16750
20240129,09:20:26,557.35,50,16750
20240129,09:20:38,560.0,100,16750
20240129,09:21:17,577.2,700,16750
20240129,09:22:10,577.2,300,16750
20240129,09:22:16,576.1,50,16750
20240129,09:25:25,615.5,50,16400
20240129,09:25:51,615.5,50,16400
20240129,09:26:24,616.95,50,16350
20240129,09:26:44,619.05,50,16350
20240129,09:26:52,619.05,50,16350
20240129,09:27:55,608.25,50,16350
20240129,09:28:45,618.45,100,16350
20240129,09:28:50,616.5,50,16350
20240129,09:29:00,620.4,50,16350
20240129,09:29:14,620.4,50,16500
20240129,09:30:06,617.3,50,16500
20240129,09:30:11,617.05,50,16500
20240129,09:30:34,612.8,50,16500
20240129,09:31:53,607.7,50,16500
20240129,09:32:02,603.8,50,16500
20240129,09:32:04,602.6,50,16500
20240129,09:32:07,601.2,50,16500
20240129,09:32:08,601.85,50,16500
20240129,09:34:10,615.0,50,16650
20240129,09:34:11,617.5,50,16650
20240129,09:34:22,616.85,50,16650
20240129,09:34:40,618.25,50,16650
20240129,09:35:12,612.95,50,16650
20240129,09:39:32,601.2,50,16650
20240129,09:41:37,629.0,50,16650
20240129,09:42:40,629.0,50,16650
20240129,09:45:45,620.2,50,16650
20240129,09:46:48,620.2,100,16650
20240129,09:48:46,616.35,50,16750
20240129,09:48:54,621.0,50,16750
20240129,09:50:16,621.7,50,16750
20240129,09:52:45,619.5,50,16750
20240129,09:53:27,622.0,50,16750
20240129,09:57:59,637.5,50,16750
20240129,09:58:00,639.2,50,16750
20240129,09:58:39,658.0,50,16750
20240129,09:59:07,663.05,100,16750
20240129,09:59:36,672.65,50,16750
20240129,09:59:37,673.0,50,16750
20240129,09:59:45,673.0,50,16750
20240129,10:00:05,681.4,300,16750
20240129,10:00:45,681.4,50,16750
20240129,10:08:59,661.65,50,16750
20240129,10:09:55,652.15,50,16750
20240129,10:11:43,648.3,50,16750
20240129,10:13:14,667.95,200,16700
20240129,10:13:38,656.95,200,16700
20240129,10:14:24,661.95,50,16700
20240129,10:16:13,661.8,50,16700
20240129,10:17:26,674.1,50,16700
20240129,10:23:35,665.4,50,16750
20240129,10:29:13,657.95,50,16750
20240129,10:34:12,667.0,50,16650
20240129,10:38:10,671.05,50,16650
20240129,10:40:01,676.25,250,16650
20240129,10:41:57,672.95,50,16450
20240129,10:57:18,679.15,1000,16400
20240129,11:03:26,674.6,100,16400
20240129,11:04:25,677.95,50,16400
20240129,11:09:58,682.85,100,16350
20240129,11:12:33,682.85,100,16400
20240129,11:15:13,679.65,100,16300
20240129,11:19:41,651.65,50,16200
20240129,11:19:44,641.05,100,16200
20240129,11:19:46,639.15,50,16200
20240129,11:27:19,640.0,50,16150
20240129,11:31:24,670.35,50,16200
20240129,11:31:30,669.5,50,16200
20240129,11:33:44,650.0,100,16100
20240129,11:34:57,650.15,50,16100
20240129,11:36:41,660.0,500,16000
20240129,11:38:43,663.05,100,15500
20240129,11:49:16,678.85,100,15600
20240129,11:53:28,673.95,100,15600
20240129,11:54:00,687.4,50,15600
20240129,11:55:01,692.3,300,15600
20240129,11:55:29,690.15,50,15600
20240129,11:57:53,690.0,50,15600
20240129,12:00:41,690.0,50,15750
20240129,12:16:41,691.3,50,15700
20240129,12:22:40,694.0,50,15700
20240129,12:31:52,694.0,50,15700
20240129,12:39:59,702.55,50,15700
20240129,12:52:19,718.7,50,15700
20240129,13:00:52,738.15,50,15650
20240129,13:01:26,738.15,50,15650
20240129,13:01:30,740.15,200,15650
20240129,13:01:47,740.15,200,15650
20240129,13:02:06,738.05,100,15650
20240129,13:02:18,733.75,50,15650
20240129,13:04:32,733.1,100,15350
20240129,13:08:42,706.9,100,15300
20240129,13:09:22,725.4,150,15300
20240129,13:09:23,724.15,50,15300
20240129,13:19:05,712.95,100,15050
20240129,13:23:58,700.65,50,14950
20240129,13:29:05,711.45,450,14950
20240129,13:31:02,712.6,150,14600
20240129,13:43:32,725.45,100,14500
20240129,13:50:48,737.9,50,14500
20240129,13:51:02,737.85,100,14500
20240129,13:55:35,741.05,50,14550
20240129,13:59:05,741.05,50,14500
20240129,13:59:07,741.05,50,14500
20240129,14:16:21,741.05,100,14450
20240129,14:18:32,741.05,50,14450
20240129,14:18:43,740.0,100,14450
20240129,14:23:05,731.45,800,14400
20240129,14:31:33,721.25,100,14400
20240129,14:35:28,718.95,50,14000
20240129,14:35:29,722.35,50,14000
20240129,14:38:35,740.0,100,13900
20240129,14:40:14,750.45,500,13800
20240129,14:41:34,751.3,50,13800
20240129,14:42:47,751.3,50,13800
20240129,14:43:41,748.5,50,13800
20240129,14:54:47,749.7,50,13850
20240129,14:58:39,704.2,100,13850
20240129,14:58:59,694.95,150,13850
20240129,14:59:00,697.2,50,13850
20240129,14:59:11,707.55,50,13850
20240129,14:59:33,712.7,150,13850
20240129,14:59:44,714.15,100,13850
20240129,14:59:49,718.2,50,13850
20240129,14:59:53,716.15,150,13850
20240129,15:00:23,721.65,150,13500
20240129,15:00:58,700.3,200,13500
20240129,15:01:33,711.2,50,13500
20240129,15:01:39,708.4,150,13500
20240129,15:02:27,733.3,50,13500
20240129,15:02:28,729.3,100,13500
20240129,15:02:35,727.9,150,13500
20240129,15:02:39,724.25,50,13500
20240129,15:10:06,743.5,50,13200
20240129,15:10:18,745.7,50,13200
20240129,15:10:24,741.75,50,13200
20240129,15:10:39,739.2,200,13200
20240129,15:23:38,768.05,50,13100
20240129,15:24:45,768.05,50,13050
20240129,15:25:03,764.5,50,13050
20240129,15:26:15,765.9,150,13050
20240129,15:27:04,767.6,50,12950
20240130,09:17:29,800.0,1,12900
20240130,09:17:29,800.0,50,12900
20240130,09:17:38,801.7,50,12900
20240130,09:17:48,801.7,50,12900
20240130,09:19:01,797.05,50,12900
20240130,09:19:59,813.2,50,12900
20240130,09:25:23,749.6,50,12750
20240130,09:26:53,736.8,100,12750
20240130,09:34:06,736.8,50,12750
20240130,09:34:08,757.2,50,12850
20240130,09:34:28,739.1,50,12850
20240130,09:37:06,757.35,50,12850
20240130,09:37:23,759.15,100,12850
20240130,09:38:06,743.95,100,12850
20240130,09:43:12,781.2,50,12800
20240130,09:43:28,782.5,100,12800
20240130,09:48:40,760.95,100,12800
20240130,09:49:27,751.0,100,12800
20240130,09:49:57,754.85,50,12800
20240130,09:50:08,752.05,50,12800
20240130,09:50:22,746.05,50,12800
20240130,09:53:04,741.0,100,12600
20240130,09:56:31,721.0,100,12450
20240130,09:56:56,721.0,50,12450
20240130,09:57:26,733.1,50,12450
20240130,09:59:55,755.1,50,12400
20240130,10:02:35,755.75,150,12450
20240130,10:10:02,757.2,50,12450
20240130,10:21:11,751.2,100,12450
20240130,10:28:01,733.8,50,12350
20240130,10:30:20,724.0,50,12400
20240130,10:31:45,732.65,50,12400
20240130,10:42:27,723.4,100,12400
20240130,10:44:05,711.0,100,12450
20240130,10:49:13,701.9,50,12250
20240130,10:50:40,680.0,50,12250
20240130,11:00:52,680.0,50,12200
20240130,11:07:37,677.8,150,12250
20240130,11:08:01,677.5,50,12250
20240130,11:15:06,677.5,150,12200
20240130,11:16:54,683.3,50,12200
20240130,11:24:13,675.9,50,12200
20240130,11:46:59,675.9,50,12200
20240130,11:49:40,693.15,50,12200
20240130,11:52:23,707.1,50,12150
20240130,11:52:42,705.8,50,12150
20240130,11:59:58,730.7,50,12050
20240130,12:05:47,699.65,50,12000
20240130,12:06:30,700.5,50,12000
20240130,12:15:18,693.2,50,12050
20240130,12:23:03,703.75,50,12050
20240130,12:29:46,702.85,50,12000
20240130,13:22:02,647.1,50,12000
20240130,13:27:02,647.1,50,12050
20240130,13:33:00,695.65,50,12000
20240130,13:40:00,683.0,50,12000
20240130,13:46:25,669.65,50,12050
20240130,13:48:02,648.8,50,12000
20240130,14:38:17,559.0,50,12000
20240130,14:38:51,557.4,50,12000
20240130,14:39:14,557.4,50,12050
20240130,14:39:21,561.55,150,12050
20240130,14:43:50,557.7,50,12050
20240130,14:44:44,544.05,50,12050
20240130,14:46:58,544.05,300,12050
20240130,14:50:22,548.8,300,12350
20240130,14:52:06,558.45,50,12350
20240130,14:52:25,552.55,150,12050
20240130,14:54:39,537.6,150,12200
20240130,15:00:26,537.6,150,12350
20240130,15:00:39,554.5,150,12350
20240130,15:05:46,506.55,50,12350
20240130,15:07:50,499.4,50,12350
20240130,15:08:21,499.4,50,12350
20240130,15:09:33,502.5,50,12300
20240130,15:10:57,503.1,50,12300
20240130,15:20:01,523.6,100,12250
20240130,15:21:24,533.55,100,12150
20240130,15:21:48,534.65,250,12150
20240130,15:22:30,535.3,50,12150
20240130,15:24:12,529.35,150,12550
20240130,15:24:24,526.65,150,12550
20240130,15:24:55,522.85,800,12550
20240130,15:25:02,529.75,50,12550
20240130,15:26:04,526.55,150,12550
20240130,15:27:03,525.75,150,11850
20240130,15:28:25,520.0,50,11850
20240130,15:28:26,518.2,50,11850
20240130,15:29:13,512.35,50,11850
20240130,15:29:33,516.1,50,11850
20240130,15:29:34,514.55,50,11850
20240130,15:29:37,515.6,50,11850
20240130,15:29:39,515.95,50,11850
20240131,09:15:12,492.25,1,11700
20240131,09:15:12,492.25,150,11700
20240131,09:15:22,469.5,100,11700
20240131,09:15:23,469.5,500,11700
20240131,09:15:29,478.7,50,11700
20240131,09:15:34,486.75,50,11700
20240131,09:15:41,489.95,50,11700
20240131,09:15:44,498.6,50,11700
20240131,09:15:51,498.6,50,11700
20240131,09:18:18,487.8,50,11550
20240131,09:18:49,500.45,50,11550
20240131,09:19:00,500.45,50,11550
20240131,09:19:44,494.75,50,11550
20240131,09:22:00,470.8,50,11550
20240131,09:22:03,475.6,50,11550
20240131,09:24:29,501.15,50,11500
20240131,09:24:58,501.15,50,11500
20240131,09:25:46,505.75,1200,11500
20240131,09:25:59,511.25,50,11500
20240131,09:26:00,511.25,50,11500
20240131,09:26:42,497.3,50,12250
20240131,09:26:51,502.1,500,12250
20240131,09:27:44,517.5,50,12250
20240131,09:27:51,517.5,500,12250
20240131,09:29:55,543.3,100,12250
20240131,09:30:21,543.3,100,12200
20240131,09:31:11,517.45,50,12200
20240131,09:31:41,519.1,100,12200
20240131,09:31:52,512.85,50,12200
20240131,09:34:14,532.2,500,12200
20240131,09:34:28,539.95,550,12200
20240131,09:34:56,555.6,50,12200
20240131,09:35:00,555.6,500,12200
20240131,09:35:16,552.55,100,12200
20240131,09:35:44,552.55,50,13300
20240131,09:36:04,558.05,50,13300
20240131,09:36:28,563.95,50,13300
20240131,09:37:41,563.95,150,13300
20240131,09:37:59,565.6,50,13300
20240131,09:38:14,565.6,200,13300
20240131,09:38:51,557.45,200,13400
20240131,09:39:23,555.5,50,13400
20240131,09:41:20,559.8,150,13400
20240131,09:41:36,567.9,50,13250
20240131,09:41:39,568.0,50,13250
20240131,09:44:51,583.05,50,13250
20240131,09:44:54,583.05,50,13250
20240131,09:45:02,589.0,50,13250
20240131,09:45:12,591.05,100,13250
20240131,09:45:19,592.0,50,13250
20240131,09:52:37,592.0,100,13200
20240131,09:54:43,560.0,50,13300
20240131,09:55:50,565.0,100,13300
20240131,09:56:26,570.55,50,13250
20240131,09:57:32,578.25,100,13250
20240131,09:57:35,579.0,50,13250
20240131,10:01:01,541.2,50,13300
20240131,10:03:12,546.95,50,13250
20240131,10:03:18,546.95,50,13250
20240131,10:03:40,555.95,50,13250
20240131,10:05:51,568.4,50,13300
20240131,10:07:20,571.55,200,13300
20240131,10:08:43,598.0,150,13150
20240131,10:09:38,598.0,50,13150
20240131,10:21:09,596.45,50,13000
20240131,10:34:46,629.4,50,12950
20240131,10:38:59,642.6,50,12950
20240131,10:52:52,642.6,300,13000
20240131,10:53:20,627.4,300,13000
20240131,10:54:02,628.75,350,13000
20240131,10:54:10,631.45,250,13000
20240131,10:55:53,635.8,250,13000
20240131,11:17:51,659.85,50,12450
20240131,11:27:21,669.9,150,12450
20240131,11:44:59,690.55,200,12600
20240131,11:51:07,691.55,500,12400
20240131,11:57:45,708.35,50,11900
20240131,11:59:26,708.35,50,11900
20240131,12:02:55,706.05,50,11900
20240131,12:10:55,698.1,100,12000
20240131,12:17:11,687.85,50,11850
20240131,12:17:13,689.25,150,11850
20240131,12:18:00,672.6,50,11700
20240131,12:18:06,676.55,500,11700
20240131,12:30:49,645.45,50,11150
20240131,12:33:52,658.65,50,11100
20240131,12:41:27,644.45,50,11100
20240131,12:43:03,639.4,50,11050
20240131,12:44:05,625.1,50,11050
20240131,12:48:46,644.25,50,10950
20240131,12:51:24,627.6,50,11000
20240131,13:00:42,646.6,50,10950
20240131,13:14:04,668.15,50,10900
20240131,13:35:04,689.8,50,10900
20240131,13:36:49,675.95,50,10900
20240131,13:42:24,645.55,50,10900
20240131,13:50:13,635.0,100,10900
20240131,14:30:00,643.0,50,10900
20240131,14:30:15,648.1,50,10900
20240131,14:31:48,646.5,50,10900
20240131,14:35:53,661.65,50,10900
20240131,15:02:51,693.2,50,10850
20240131,15:03:01,695.65,50,10850
20240131,15:03:55,689.65,100,10900
20240131,15:05:06,699.1,50,10900
20240131,15:05:16,705.0,50,10900
20240131,15:06:29,710.4,50,10800
20240131,15:06:53,710.4,50,10800
20240131,15:07:50,704.4,50,10800
20240131,15:09:00,686.05,50,10800
20240131,15:15:13,683.4,50,10650
20240131,15:19:55,684.2,50,10700
20240131,15:23:37,683.35,50,10700
20240131,15:25:02,683.8,100,10700
20240131,15:25:04,682.65,50,10650
20240201,09:15:27,683.0,1,10700
20240201,09:15:27,681.45,1,10700
20240201,09:15:27,682.9,900,10700
20240201,09:15:28,674.25,50,10700
20240201,09:15:32,669.05,200,10700
20240201,09:15:40,669.05,50,10700
20240201,09:15:43,692.35,50,10700
20240201,09:15:48,691.85,50,10700
20240201,09:15:56,686.6,50,10700
20240201,09:16:54,685.35,50,10700
20240201,09:17:13,692.7,50,10700
20240201,09:19:49,692.7,100,11100
20240201,09:21:39,661.75,200,11100
20240201,09:25:56,666.2,50,11100
20240201,09:26:12,666.0,50,11100
20240201,09:29:00,682.75,50,11000
20240201,09:34:52,682.4,50,11000
20240201,09:35:28,676.55,50,10950
20240201,09:35:41,671.4,150,10950
20240201,09:36:02,668.7,50,10950
20240201,09:39:34,646.4,50,10800
20240201,09:41:01,646.4,50,10800
20240201,09:41:05,676.65,50,10800
20240201,09:46:05,698.75,50,10750
20240201,09:55:07,698.75,50,10750
20240201,09:59:32,692.8,50,10750
20240201,10:01:13,688.15,50,10750
20240201,10:01:35,683.85,50,10750
20240201,10:03:22,670.0,50,10800
20240201,10:05:09,684.25,50,10800
20240201,10:05:57,688.0,50,10800
20240201,10:06:04,691.75,50,10900
20240201,10:07:51,707.2,50,10900
20240201,10:08:14,722.55,200,10900
20240201,10:08:18,730.2,50,10900
20240201,10:10:09,730.2,250,10900
20240201,10:10:33,721.95,50,10900
20240201,10:13:47,730.6,50,10850
20240201,10:14:29,735.1,50,10850
20240201,10:14:33,735.1,150,10850
20240201,10:14:55,719.55,50,10850
20240201,10:15:57,712.25,50,10850
20240201,10:16:26,706.6,50,10850
20240201,10:30:18,728.8,50,10650
20240201,10:40:53,718.1,300,10650
20240201,10:46:52,721.5,150,10650
20240201,10:50:41,727.75,50,10200
20240201,10:56:23,743.35,50,10200
20240201,10:56:36,743.35,50,10250
20240201,10:59:09,732.25,50,10250
20240201,11:02:27,760.5,150,10250
20240201,11:03:03,781.7,50,10250
20240201,11:03:47,781.7,50,10250
20240201,11:03:57,755.45,50,10250
20240201,11:07:22,720.85,50,10250
20240201,11:07:28,721.65,50,10200
20240201,11:07:42,722.15,50,10200
20240201,11:07:47,728.25,50,10200
20240201,11:07:48,729.0,150,10200
20240201,11:07:50,731.1,400,10200
20240201,11:07:51,731.45,50,10200
20240201,11:07:55,738.0,100,10200
20240201,11:07:56,733.75,50,10200
20240201,11:08:10,744.7,100,10200
20240201,11:09:01,752.6,100,10850
20240201,11:16:07,723.7,50,10850
20240201,11:16:47,685.0,500,10850
20240201,11:16:48,675.6,2050,10850
20240201,11:16:49,638.55,1500,10850
20240201,11:16:50,638.55,500,10850
20240201,11:16:54,669.45,600,10850
20240201,11:16:57,672.45,150,10850
20240201,11:16:59,662.75,150,10850
20240201,11:17:03,665.75,150,10850
20240201,11:17:09,626.1,100,10850
20240201,11:17:18,605.35,500,10850
20240201,11:17:28,605.35,50,10850
20240201,11:17:43,622.7,50,11350
20240201,11:18:17,642.15,150,11350
20240201,11:18:19,650.3,50,11350
20240201,11:18:25,663.35,50,11350
20240201,11:18:28,652.0,50,11350
20240201,11:19:55,676.55,50,11350
20240201,11:30:06,697.7,100,11300
20240201,11:30:10,697.8,1200,11300
20240201,11:34:19,676.05,50,10750
20240201,11:37:54,713.75,50,10750
20240201,11:38:14,701.6,50,10750
20240201,11:40:31,705.25,50,10750
20240201,11:56:27,679.9,50,10750
20240201,11:56:31,682.05,50,10750
20240201,11:58:31,647.9,300,10750
20240201,11:58:33,645.4,50,10750
20240201,11:58:34,648.5,50,10750
20240201,11:58:40,659.05,50,10750
20240201,11:58:41,661.45,50,10750
20240201,11:58:50,659.5,50,10750
20240201,11:58:55,673.4,50,10750
20240201,11:59:09,674.85,100,10750
20240201,11:59:14,672.55,50,10750
20240201,12:03:48,619.15,50,10550
20240201,12:04:36,641.1,50,10550
20240201,12:24:06,663.95,100,10500
20240201,12:33:57,667.3,500,10400
20240201,12:33:59,667.5,500,10400
20240201,12:34:15,673.25,50,10400
20240201,12:34:46,668.0,500,10400
20240201,12:36:10,667.0,400,10400
20240201,12:36:18,670.3,100,10450
20240201,12:39:28,672.0,50,10450
20240201,12:47:30,694.05,50,10300
20240201,12:47:32,694.55,50,10300
20240201,12:49:54,706.25,250,10250
20240201,13:03:24,676.2,150,10000
20240201,13:15:13,669.85,600,10000
20240201,13:15:26,677.45,250,10000
20240201,13:21:36,668.1,50,9750
20240201,13:30:04,650.0,1000,9750
20240201,13:30:31,653.1,100,9750
20240201,13:31:14,640.7,100,9750
20240201,13:31:31,634.1,50,9750
20240201,13:31:33,635.35,50,9750
20240201,13:34:05,639.05,50,9600
20240201,13:38:24,646.4,50,9600
20240201,13:47:28,659.25,350,9550
20240201,13:48:02,664.7,50,9200
20240201,13:58:58,656.9,100,9200
20240201,14:04:05,666.65,100,9100
20240201,14:14:28,671.15,100,9100
20240201,14:18:34,655.0,100,9100
20240201,14:45:53,652.95,300,9100
20240201,14:45:55,652.1,150,9100
20240201,14:52:54,661.2,50,8650
20240201,14:54:21,665.6,50,8600
20240201,14:54:31,672.65,150,8600
20240201,15:02:36,654.85,100,8400
20240201,15:03:30,654.85,50,8300
20240201,15:04:23,654.85,50,8300
20240201,15:05:12,652.55,50,8300
20240201,15:06:38,651.75,200,8200
20240201,15:06:39,651.25,200,8200
20240201,15:06:42,651.3,100,8200
20240201,15:07:39,650.45,50,8200
20240201,15:07:39,651.2,100,8200
20240201,15:07:41,651.45,50,8200
20240201,15:08:45,653.35,50,8200
20240201,15:09:24,650.75,50,8100
20240201,15:15:05,645.35,50,8100
20240201,15:15:20,645.2,50,8050
20240201,15:16:38,645.05,50,8050
20240201,15:16:59,647.45,50,8050
20240201,15:17:16,649.2,100,8050
20240201,15:18:23,646.9,50,8050
20240201,15:20:35,648.9,50,8050
20240201,15:22:32,647.6,50,8000
20240201,15:24:42,648.15,50,7950
20240201,15:27:40,648.2,50,7900
20240201,15:28:02,648.8,50,7900
