date,time,tick_price,volume,open_interest
20231228,10:41:51,9.1,50,50
20231228,10:43:04,10.4,1050,50
20231228,10:43:13,10.65,650,50
20231228,10:44:08,10.8,50,50
20231228,10:45:44,10.8,1250,1500
20231228,10:46:19,10.55,250,1500
20231228,10:46:37,10.55,50,1500
20231228,10:47:40,10.5,50,1500
20231228,10:48:27,10.5,50,3100
20231228,10:50:04,10.6,50,3100
20231228,10:51:08,10.2,50,3100
20231228,11:00:05,11.15,50,3200
20231228,11:08:42,11.15,600,3200
20231228,11:10:24,11.0,50,3250
20231228,11:18:26,10.8,50,3250
20231228,11:21:17,10.8,50,3250
20231228,11:22:31,10.0,200,3350
20231228,11:23:07,10.95,50,3350
20231228,11:28:01,10.95,300,3600
20231228,11:29:33,9.15,300,3600
20231228,11:29:42,10.0,150,3600
20231228,11:30:01,10.15,50,3600
20231228,11:36:08,9.95,50,3550
20231228,11:37:07,9.85,200,3500
20231228,11:40:44,10.5,50,3600
20231228,11:41:02,10.5,50,3600
20231228,11:41:29,10.5,100,3600
20231228,11:41:38,10.55,1500,3600
20231228,11:41:56,10.75,50,3600
20231228,11:42:13,10.8,100,3600
20231228,11:43:04,10.75,100,3850
20231228,11:43:55,10.75,150,3850
20231228,11:44:22,10.75,50,3850
20231228,11:44:39,10.8,50,3850
20231228,11:48:26,10.25,50,4100
20231228,11:48:42,10.25,150,4100
20231228,11:49:31,10.2,50,4100
20231228,11:49:47,10.0,350,4100
20231228,11:57:19,10.7,100,3900
20231228,11:58:33,10.7,100,3900
20231228,11:58:41,10.15,500,3900
20231228,11:58:50,10.3,1000,3900
20231228,11:59:14,10.3,300,3900
20231228,11:59:30,10.25,200,3900
20231228,12:00:28,10.3,50,5900
20231228,12:05:58,10.7,50,5850
20231228,12:07:05,10.8,150,5850
20231228,12:07:13,10.45,150,5850
20231228,12:08:53,10.4,50,5850
20231228,12:10:48,10.25,50,5800
20231228,12:11:38,12.35,900,5800
20231228,12:11:47,10.25,50,5800
20231228,12:12:04,10.35,450,5800
20231228,12:12:38,10.2,50,5850
20231228,12:13:53,10.15,100,5850
20231228,12:14:11,10.15,300,5850
20231228,12:14:35,10.1,300,5850
20231228,12:16:29,10.0,850,5800
20231228,12:16:37,10.0,150,5800
20231228,12:17:57,10.15,200,5800
20231228,12:18:59,10.25,50,6600
20231228,12:19:08,10.15,50,6600
20231228,12:19:31,10.25,300,6600
20231228,12:20:01,10.4,1850,6600
20231228,12:20:18,10.5,1800,6600
20231228,12:20:26,10.6,3600,6600
20231228,12:20:35,10.7,1800,6600
20231228,12:20:43,10.75,1800,6600
20231228,12:21:08,10.4,2250,6600
20231228,12:21:16,10.4,250,6600
20231228,12:21:42,10.4,250,18650
20231228,12:22:16,10.55,150,18650
20231228,12:22:53,10.5,1650,18650
20231228,12:23:10,10.65,50,18650
20231228,12:23:18,10.6,450,18650
20231228,12:23:35,10.65,300,18650
20231228,12:24:02,10.65,100,18650
20231228,12:24:13,10.75,100,18650
20231228,12:24:32,10.8,150,17250
20231228,12:25:00,10.75,50,17250
20231228,12:25:53,10.95,100,17250
20231228,12:26:11,10.85,250,17250
20231228,12:26:36,10.9,450,17250
20231228,12:26:45,10.9,500,17250
20231228,12:27:19,11.05,700,17250
20231228,12:27:28,11.1,250,17250
20231228,12:27:36,10.95,500,16300
20231228,12:27:45,11.1,350,16300
20231228,12:27:54,11.05,400,16300
20231228,12:28:04,11.1,600,16300
20231228,12:29:32,11.35,200,16300
20231228,12:29:51,11.5,50,16300
20231228,12:30:28,11.55,50,14900
20231228,12:31:57,11.45,100,14900
20231228,12:34:44,11.4,300,14950
20231228,12:42:31,11.35,250,14850
20231228,12:45:04,11.3,300,14850
20231228,12:45:40,11.4,650,14850
20231228,12:45:48,11.45,1400,14850
20231228,12:46:05,11.45,200,14850
20231228,12:46:49,11.45,200,14850
20231228,12:48:12,11.6,50,14850
20231228,12:49:05,11.4,50,14900
20231228,12:49:14,11.4,350,14900
20231228,12:51:12,10.6,700,14900
20231228,12:53:09,10.9,100,14200
20231228,12:53:18,10.85,50,14200
20231228,12:53:27,10.9,200,14200
20231228,12:53:45,10.85,200,14200
20231228,12:54:45,11.2,550,14000
20231228,12:58:28,11.4,50,14550
20231228,12:59:19,11.35,400,14550
20231228,13:00:42,11.0,300,14800
20231228,13:01:07,11.0,1650,14800
20231228,13:01:16,11.0,450,14800
20231228,13:01:25,11.0,150,14800
20231228,13:02:16,10.95,450,14800
20231228,13:02:25,11.0,50,14800
20231228,13:04:38,11.1,50,14800
20231228,13:04:46,11.05,450,15800
20231228,13:11:39,10.8,50,15550
20231228,13:12:36,11.3,200,15550
20231228,13:12:44,11.3,50,15550
20231228,13:13:59,11.5,250,15550
20231228,13:15:53,11.4,100,15550
20231228,13:17:45,11.4,1000,15550
20231228,13:19:35,11.2,600,15550
20231228,13:21:59,11.3,200,15900
20231228,13:22:08,11.5,1950,15900
20231228,13:23:59,11.45,200,15900
20231228,13:24:50,11.35,350,16350
20231228,13:25:16,11.45,400,16350
20231228,13:25:25,11.5,150,16350
20231228,13:26:23,11.45,1700,16350
20231228,13:26:31,11.35,1950,16350
20231228,13:26:48,11.35,50,16350
20231228,13:27:04,11.3,750,16350
20231228,13:27:12,11.25,200,16350
20231228,13:27:30,11.1,600,16350
20231228,13:27:39,11.05,300,18700
20231228,13:27:48,11.05,200,18700
20231228,13:28:08,10.85,950,18700
20231228,13:30:56,10.9,300,19950
20231228,13:31:06,10.95,550,19950
20231228,13:33:12,10.95,100,19950
20231228,13:35:37,10.75,100,20700
20231228,13:36:45,10.65,200,20600
20231228,13:37:55,10.65,250,20600
20231228,13:42:27,10.9,100,20700
20231228,13:43:02,10.85,250,20650
20231228,13:43:35,10.9,250,20650
20231228,13:47:13,10.9,250,20400
20231228,13:47:40,10.9,250,20400
20231228,13:48:38,10.8,250,20400
20231228,13:51:10,10.9,100,20650
20231228,13:55:27,10.8,200,20400
20231228,13:59:39,10.7,500,20300
20231228,14:03:18,10.75,50,20300
20231228,14:06:06,11.05,150,20350
20231228,14:07:02,11.0,150,20350
20231228,14:07:35,11.0,150,20350
20231228,14:08:24,11.0,200,20350
20231228,14:14:55,10.7,250,20850
20231228,14:17:08,10.55,700,20850
20231228,14:18:34,10.5,100,20850
20231228,14:19:09,10.25,100,21650
20231228,14:21:05,10.05,250,21650
20231228,14:21:21,10.0,500,21650
20231228,14:21:30,10.05,150,21650
20231228,14:21:38,10.05,800,21650
20231228,14:21:54,10.05,250,23150
20231228,14:22:18,10.1,500,23150
20231228,14:22:27,10.15,250,23150
20231228,14:22:35,10.2,600,23150
20231228,14:27:50,10.35,250,22550
20231228,14:31:20,10.5,150,22550
20231228,14:31:36,10.4,250,22550
20231228,14:31:53,10.45,100,22550
20231228,14:33:17,10.45,300,22550
20231228,14:33:42,10.4,250,22550
20231228,14:35:15,10.5,500,22600
20231228,14:37:02,10.3,100,22600
20231228,14:38:26,10.3,250,22600
20231228,14:39:01,10.35,100,22600
20231228,14:40:08,10.15,350,22600
20231228,14:41:43,9.95,250,22600
20231228,14:41:52,9.95,100,22600
20231228,14:42:41,10.0,250,22600
20231228,14:44:40,10.0,250,22600
20231228,14:45:05,10.15,500,22600
20231228,14:46:10,10.0,100,22800
20231228,14:47:01,9.9,500,22800
20231228,14:47:18,10.0,100,22800
20231228,14:48:08,9.95,250,22800
20231228,14:48:27,9.9,250,22800
20231228,14:48:47,9.85,500,22800
20231228,14:53:56,9.05,150,23300
20231228,14:54:04,9.0,700,23300
20231228,14:56:06,9.0,250,24050
20231228,14:56:24,9.0,50,24050
20231228,14:57:16,9.0,100,24050
20231228,14:57:54,8.95,100,24400
20231228,14:58:03,8.9,200,24400
20231228,14:58:12,8.95,50,24400
20231228,14:58:31,9.0,250,24400
20231228,14:58:48,9.0,250,24400
20231228,14:58:57,8.9,100,24400
20231228,14:59:49,8.9,250,24400
20231228,14:59:58,8.9,500,24400
20231228,15:00:06,8.9,650,24400
20231228,15:00:16,9.05,500,24400
20231228,15:02:01,9.0,850,26550
20231228,15:05:17,9.05,550,26600
20231228,15:05:39,9.0,250,26600
20231228,15:06:17,8.9,550,26600
20231228,15:06:35,8.85,900,26600
20231228,15:06:52,8.8,900,29350
20231228,15:07:01,8.9,50,29350
20231228,15:08:04,8.85,50,29350
20231228,15:08:13,8.9,50,29350
20231228,15:08:42,8.8,250,29350
20231228,15:08:51,8.7,450,29350
20231228,15:09:00,8.7,150,29350
20231228,15:10:20,8.65,100,30500
20231228,15:11:22,8.4,500,30500
20231228,15:11:31,8.35,450,30500
20231228,15:11:40,8.35,50,30500
20231228,15:12:51,8.35,750,30800
20231228,15:12:59,8.35,700,30800
20231228,15:13:17,8.2,1900,30800
20231228,15:14:11,8.15,100,30800
20231228,15:14:22,8.0,950,30800
20231228,15:14:41,8.0,600,30800
20231228,15:15:28,8.15,300,30800
20231228,15:15:56,8.2,50,27050
20231228,15:16:32,8.2,300,27050
20231228,15:16:41,8.25,200,27050
20231228,15:16:52,8.3,100,27050
20231228,15:17:14,8.15,400,27050
20231228,15:17:23,8.15,700,27050
20231228,15:18:09,8.25,50,27050
20231228,15:18:49,8.3,50,27050
20231228,15:18:57,8.3,550,26800
20231228,15:19:07,8.25,2050,26800
20231228,15:19:18,8.25,700,26800
20231228,15:20:16,8.3,650,26800
20231228,15:21:22,8.3,100,26800
20231228,15:21:43,8.3,350,26800
20231228,15:22:58,8.25,100,26100
20231228,15:23:44,8.25,400,26100
20231228,15:24:39,7.9,1500,26100
20231228,15:25:02,7.95,1500,25300
20231228,15:25:13,7.95,250,25300
20231228,15:25:25,8.1,100,25300
20231228,15:25:53,8.1,450,25300
20231228,15:26:02,8.15,350,25300
20231228,15:26:13,8.3,50,25300
20231228,15:26:34,8.2,50,25300
20231228,15:26:45,8.25,100,25300
20231228,15:26:55,7.8,600,25300
20231228,15:27:27,7.8,450,25300
20231228,15:27:39,7.9,300,25300
20231228,15:29:09,8.5,50,25050
20231228,15:29:38,6.3,100,25050
20231229,09:15:04,8.35,1,25150
20231229,09:15:04,8.35,50,25150
20231229,09:15:12,10.95,200,25150
20231229,09:15:17,8.4,100,25150
20231229,09:15:24,8.35,500,25150
20231229,09:15:54,8.8,700,25150
20231229,09:17:01,8.0,50,25150
20231229,09:17:12,8.0,150,25250
20231229,09:17:38,8.05,250,25250
20231229,09:17:45,8.05,400,25250
20231229,09:17:51,8.0,200,25250
20231229,09:19:11,7.8,200,25250
20231229,09:19:23,7.8,100,25250
20231229,09:20:07,7.8,100,25250
20231229,09:20:38,7.75,100,25600
20231229,09:21:41,7.65,50,25600
20231229,09:22:00,7.4,550,25600
20231229,09:22:13,7.25,100,25600
20231229,09:22:20,7.25,400,25600
20231229,09:22:32,7.35,250,25600
20231229,09:24:04,7.25,100,26300
20231229,09:24:11,7.3,200,26300
20231229,09:24:18,7.3,400,26300
20231229,09:24:24,7.4,150,26300
20231229,09:24:31,7.3,100,26300
20231229,09:24:37,7.3,200,26300
20231229,09:25:15,7.3,100,26300
20231229,09:26:51,7.55,100,27350
20231229,09:27:05,7.55,50,27350
20231229,09:27:56,7.55,50,27350
20231229,09:28:02,7.55,50,27350
20231229,09:29:00,7.55,50,27350
20231229,09:29:58,7.55,350,27350
20231229,09:30:04,7.55,50,27350
20231229,09:30:11,7.55,50,27350
20231229,09:30:57,7.65,200,27350
20231229,09:31:58,7.65,100,27350
20231229,09:32:11,7.65,50,27500
20231229,09:32:17,7.6,100,27500
20231229,09:32:57,7.65,50,27500
20231229,09:33:04,7.65,500,27500
20231229,09:33:10,7.7,1250,27500
20231229,09:33:17,7.7,1750,27500
20231229,09:33:24,7.75,2150,27500
20231229,09:33:30,7.7,600,27500
20231229,09:33:36,7.7,800,27500
20231229,09:35:30,7.7,150,23700
20231229,09:37:50,7.65,400,23700
20231229,09:38:03,7.6,400,23700
20231229,09:38:50,7.45,200,23900
20231229,09:38:57,7.45,200,23900
20231229,09:39:04,7.45,100,23900
20231229,09:39:12,7.5,200,23900
20231229,09:39:38,7.5,100,23900
20231229,09:39:58,7.4,100,23900
20231229,09:42:51,7.25,1800,23800
20231229,09:42:57,7.35,2000,23800
20231229,09:43:05,7.2,2050,23800
20231229,09:44:26,7.05,7200,22100
20231229,09:44:32,7.05,100,22100
20231229,09:45:49,7.3,50,22100
20231229,09:46:54,7.25,500,22100
20231229,09:47:13,7.25,700,22100
20231229,09:47:19,7.25,300,22100
20231229,09:49:40,7.2,250,22100
20231229,09:49:47,7.2,200,22100
20231229,09:51:20,7.3,1500,21500
20231229,09:51:32,7.35,250,21500
20231229,09:53:48,7.55,250,20100
20231229,09:55:12,7.6,50,20100
20231229,09:56:00,7.5,150,20100
20231229,09:56:25,7.6,50,20100
20231229,09:56:44,7.45,150,20100
20231229,09:57:17,7.4,250,20100
20231229,09:57:30,7.4,100,20100
20231229,09:58:08,7.35,250,20100
20231229,09:59:01,7.3,650,20100
20231229,09:59:52,7.3,100,20100
20231229,10:00:12,7.35,100,20100
20231229,10:00:44,7.4,300,20100
20231229,10:03:34,7.4,250,20100
20231229,10:05:29,7.3,300,20100
20231229,10:05:35,7.25,200,20100
20231229,10:05:53,7.2,700,20100
20231229,10:06:04,7.25,50,20100
20231229,10:07:00,7.15,200,20100
20231229,10:07:41,7.1,500,20100
20231229,10:08:09,7.0,150,20100
20231229,10:09:05,6.8,600,20100
20231229,10:09:11,6.8,250,20100
20231229,10:10:50,6.8,400,20100
20231229,10:11:35,6.6,500,20100
20231229,10:12:24,6.5,50,20100
20231229,10:12:37,6.5,500,20100
20231229,10:12:56,6.55,100,20100
20231229,10:14:06,6.55,200,20100
20231229,10:14:27,6.6,100,21100
20231229,10:14:40,6.5,1000,21100
20231229,10:14:54,6.5,100,21100
20231229,10:15:15,6.5,250,21100
20231229,10:15:22,6.5,250,21100
20231229,10:16:15,6.5,400,21100
20231229,10:16:35,6.5,300,21100
20231229,10:16:48,6.45,300,21100
20231229,10:17:01,6.45,300,21100
20231229,10:19:33,6.35,550,21850
20231229,10:20:23,6.35,250,21850
20231229,10:22:03,6.3,150,21850
20231229,10:22:08,6.3,200,21850
20231229,10:22:13,6.35,650,21850
20231229,10:22:37,6.35,250,21850
20231229,10:24:13,6.4,250,21850
20231229,10:28:03,6.4,50,21850
20231229,10:29:17,6.2,200,21850
20231229,10:30:07,6.2,50,21850
20231229,10:31:09,6.2,150,21850
20231229,10:32:33,6.15,250,21850
20231229,10:32:39,6.15,250,21850
20231229,10:32:45,6.15,250,21850
20231229,10:33:16,6.15,50,21850
20231229,10:38:47,6.15,250,21850
20231229,10:40:24,6.3,100,21850
20231229,10:41:30,6.25,250,22100
20231229,10:42:18,6.25,250,22100
20231229,10:43:09,6.35,250,22100
20231229,10:43:13,6.35,250,22100
20231229,10:44:37,6.35,250,21100
20231229,10:45:55,6.4,250,21100
20231229,10:46:36,6.4,250,21100
20231229,10:49:01,6.4,250,21350
20231229,10:50:16,6.4,250,21350
20231229,10:50:25,6.4,250,21350
20231229,10:50:44,6.4,50,21350
20231229,10:53:55,6.35,600,21350
20231229,11:00:31,6.25,200,21950
20231229,11:01:24,6.15,250,21950
20231229,11:01:54,6.1,500,21950
20231229,11:02:31,6.1,850,22450
20231229,11:04:03,6.1,50,22450
20231229,11:04:54,6.1,50,22450
20231229,11:10:46,6.15,50,22450
20231229,11:14:48,6.05,150,22450
20231229,11:15:07,6.05,300,22450
20231229,11:15:11,6.05,150,22450
20231229,11:15:19,6.05,300,22450
20231229,11:15:40,6.05,300,22450
20231229,11:16:01,6.1,400,22450
20231229,11:16:07,6.1,150,22450
20231229,11:16:12,6.1,150,22450
20231229,11:16:18,6.1,100,22450
20231229,11:18:46,6.2,150,22450
20231229,11:30:25,6.0,400,22450
20231229,11:33:40,6.0,200,22450
20231229,11:34:17,6.25,300,22450
20231229,11:34:30,6.3,50,22450
20231229,11:38:57,6.5,150,22700
20231229,11:40:08,6.45,100,22700
20231229,11:40:29,6.55,250,22700
20231229,11:43:26,6.5,150,23050
20231229,11:45:03,6.45,50,22900
20231229,11:45:10,6.45,250,22900
20231229,11:45:46,6.4,250,22900
20231229,11:45:55,6.4,50,22900
20231229,11:48:18,6.45,50,22700
20231229,11:49:02,6.4,250,22700
20231229,11:52:50,6.4,50,22700
20231229,11:53:25,6.45,100,22700
20231229,11:56:25,6.35,900,22700
20231229,11:59:19,6.35,300,23600
20231229,12:01:46,6.25,50,23600
20231229,12:12:25,6.15,200,23600
20231229,12:14:27,6.1,50,23600
20231229,12:19:11,6.05,150,23600
20231229,12:20:01,6.05,100,23600
20231229,12:20:07,6.0,200,23600
20231229,12:23:30,5.95,100,23700
20231229,12:23:39,5.9,300,23700
20231229,12:23:50,5.9,250,23700
20231229,12:24:44,5.9,250,23700
20231229,12:25:04,5.9,250,23700
20231229,12:25:12,5.85,500,23700
20231229,12:25:14,5.85,250,23700
20231229,12:30:07,5.8,50,23700
20231229,12:35:49,5.6,50,23700
20231229,12:37:49,5.45,200,23700
20231229,12:39:53,5.3,450,23700
20231229,12:40:01,5.3,50,23700
20231229,12:43:34,5.3,750,23900
20231229,12:43:47,5.25,1050,23900
20231229,12:44:35,5.25,300,23900
20231229,12:45:16,5.2,200,25250
20231229,12:45:39,5.2,250,25250
20231229,12:50:10,5.1,250,25250
20231229,12:51:18,5.05,200,25250
20231229,12:51:21,5.05,200,25250
20231229,12:59:57,5.05,100,25250
20231229,13:02:37,5.0,100,25250
20231229,13:02:51,5.0,1000,25150
20231229,13:02:57,5.0,200,25150
20231229,13:03:01,5.05,200,25150
20231229,13:03:18,5.1,200,25150
20231229,13:03:23,5.1,200,25150
20231229,13:05:37,5.15,100,25150
20231229,13:05:41,5.1,200,25150
20231229,13:05:45,5.1,200,25250
20231229,13:13:42,5.0,300,25250
20231229,13:16:57,5.05,50,25250
20231229,13:22:46,5.0,100,25250
20231229,13:23:50,5.05,100,25150
20231229,13:29:42,5.0,400,25250
20231229,13:31:48,5.05,50,24950
20231229,13:39:01,5.0,250,24950
20231229,13:39:08,5.0,400,24950
20231229,13:39:59,5.0,250,24950
20231229,13:40:12,5.0,200,24950
20231229,13:47:42,4.9,150,23850
20231229,13:47:57,4.9,50,23850
20231229,13:49:34,4.95,50,23850
20231229,14:04:15,5.0,150,23850
20231229,14:06:29,4.95,300,23850
20231229,14:13:56,4.6,50,23850
20231229,14:15:01,4.5,1750,23850
20231229,14:15:09,4.5,250,23850
20231229,14:15:41,4.5,1750,23850
20231229,14:16:12,4.5,400,23850
20231229,14:16:42,4.5,250,23850
20231229,14:17:27,4.6,300,23850
20231229,14:17:43,4.6,600,23850
20231229,14:17:53,4.6,300,28050
20231229,14:18:22,4.6,150,28050
20231229,14:18:53,4.6,300,28050
20231229,14:18:57,4.6,450,28050
20231229,14:19:04,4.6,800,28050
20231229,14:19:17,4.6,300,28050
20231229,14:20:03,4.55,250,28050
20231229,14:25:12,4.75,1450,28450
20231229,14:25:18,4.75,400,28450
20231229,14:26:05,4.75,50,28450
20231229,14:26:09,4.9,1900,28450
20231229,14:26:14,5.0,900,28450
20231229,14:26:53,4.95,400,27650
20231229,14:29:06,4.95,100,27650
20231229,14:29:34,4.95,150,27650
20231229,14:32:35,4.95,50,27700
20231229,14:37:07,5.0,50,27650
20231229,14:42:05,5.1,50,27600
20231229,14:52:42,5.1,150,27650
20231229,14:52:55,5.15,550,27650
20231229,14:54:03,5.2,100,28100
20231229,14:56:43,5.35,50,28100
20231229,14:57:23,5.45,100,28250
20231229,15:00:43,5.65,550,28250
20231229,15:01:03,5.75,450,28250
20231229,15:01:47,5.8,750,28250
20231229,15:02:05,5.8,50,28250
20231229,15:02:22,5.75,50,28250
20231229,15:06:38,5.55,250,28050
20231229,15:06:56,5.55,200,28050
20231229,15:09:48,5.4,150,28300
20231229,15:10:40,5.4,200,28300
20231229,15:10:50,5.45,150,28300
20231229,15:12:59,5.3,550,28400
20231229,15:13:52,5.25,250,28400
20231229,15:15:09,5.25,2100,28400
20231229,15:15:14,5.25,100,28400
20231229,15:15:25,5.25,50,28400
20231229,15:15:40,5.25,100,28400
20231229,15:15:52,5.25,500,28400
20231229,15:16:02,5.3,500,28400
20231229,15:20:04,5.15,900,30150
20231229,15:22:24,5.05,150,30150
20231229,15:23:35,4.95,300,30250
20231229,15:24:05,4.95,100,30150
20231229,15:25:59,4.9,50,30150
20231229,15:26:20,4.9,350,30150
20231229,15:26:46,4.9,350,30150
20231229,15:27:08,4.85,200,30150
20231229,15:27:19,4.8,50,30250
20231229,15:27:32,4.8,250,30250
20231229,15:27:43,4.8,400,30250
20231229,15:28:29,4.9,250,30250
20231229,15:28:34,4.9,250,30250
20231229,15:29:34,4.65,300,30250
20240101,09:15:14,5.45,1,30150
20240101,09:15:14,5.25,400,30150
20240101,09:15:25,5.65,50,30150
20240101,09:16:11,5.65,600,30150
20240101,09:16:50,4.35,550,30150
20240101,09:17:10,4.1,600,30150
20240101,09:17:17,4.15,100,30400
20240101,09:17:34,4.2,100,30400
20240101,09:17:43,4.15,100,30400
20240101,09:18:50,4.15,200,30400
20240101,09:18:57,4.15,250,30400
20240101,09:20:07,4.05,100,30400
20240101,09:20:14,4.05,100,30400
20240101,09:20:41,4.0,500,30400
20240101,09:21:24,4.0,1200,30400
20240101,09:21:39,3.95,700,30400
20240101,09:22:02,3.95,150,30400
20240101,09:22:18,4.0,2800,30400
20240101,09:22:32,4.0,150,30400
20240101,09:22:53,3.95,950,30400
20240101,09:24:45,4.0,50,32950
20240101,09:25:20,3.95,150,32950
20240101,09:25:41,3.95,250,32950
20240101,09:26:14,3.95,300,32950
20240101,09:27:29,4.0,350,33650
20240101,09:27:44,3.95,50,33650
20240101,09:28:06,3.95,100,33650
20240101,09:28:33,3.95,150,33650
20240101,09:30:03,3.9,100,33400
20240101,09:30:09,3.85,150,33400
20240101,09:30:16,3.8,300,33400
20240101,09:31:18,3.75,100,33400
20240101,09:33:45,3.75,50,33800
20240101,09:34:21,3.85,300,33800
20240101,09:34:28,3.9,100,33800
20240101,09:34:49,3.75,100,33800
20240101,09:36:02,3.75,100,33900
20240101,09:36:23,3.75,500,33900
20240101,09:37:43,3.75,200,33900
20240101,09:38:32,3.75,50,34000
20240101,09:38:46,3.75,450,34000
20240101,09:40:50,3.75,100,34000
20240101,09:46:37,3.8,100,33450
20240101,09:46:52,3.8,1300,33450
20240101,09:48:29,3.7,350,32150
20240101,09:49:42,3.7,50,32150
20240101,09:51:06,3.7,50,32400
20240101,09:52:55,3.6,50,32400
20240101,09:53:20,3.6,100,32400
20240101,09:54:28,3.75,500,32400
20240101,09:58:57,3.75,600,32150
20240101,09:59:37,3.8,50,32750
20240101,10:00:53,3.85,100,32750
20240101,10:01:18,3.9,100,32750
20240101,10:03:45,3.9,100,32800
20240101,10:06:46,3.8,650,32800
20240101,10:07:33,3.7,150,32800
20240101,10:07:57,3.7,300,32800
20240101,10:09:53,3.65,200,33850
20240101,10:10:48,3.6,100,33850
20240101,10:20:47,3.7,750,33850
20240101,10:22:33,3.7,50,33850
20240101,10:49:39,3.6,50,33850
20240101,10:53:02,3.6,250,33850
20240101,10:54:46,3.75,50,33850
20240101,10:57:21,3.6,200,33850
20240101,11:00:07,3.6,200,33850
20240101,11:13:15,3.75,1500,33650
20240101,11:16:21,3.6,50,34850
20240101,11:17:44,3.65,450,34900
20240101,11:17:55,3.65,350,34900
20240101,11:19:23,3.55,300,34900
20240101,11:23:25,3.5,2050,34500
20240101,11:23:54,3.45,650,33250
20240101,11:24:14,3.45,300,33250
20240101,11:24:59,3.45,550,33250
20240101,11:27:25,3.45,300,32700
20240101,11:28:46,3.45,350,32700
20240101,11:29:16,3.45,250,32700
20240101,11:33:35,3.45,300,32050
20240101,11:34:03,3.45,1800,32050
20240101,11:36:09,3.4,300,31600
20240101,11:36:13,3.4,250,31600
20240101,11:41:32,3.4,250,31050
20240101,11:44:45,3.35,250,30800
20240101,11:44:54,3.35,250,30800
20240101,11:46:25,3.35,1050,30800
20240101,11:48:13,3.35,300,29700
20240101,11:54:06,3.35,700,29700
20240101,11:54:57,3.25,200,29700
20240101,11:55:07,3.25,250,29700
20240101,11:55:28,3.15,600,29700
20240101,12:05:48,3.15,50,29000
20240101,12:06:42,3.15,100,29000
20240101,12:09:01,3.15,550,29100
20240101,12:12:26,3.1,250,29100
20240101,12:14:49,3.1,250,29100
20240101,12:17:18,3.1,500,29100
20240101,12:17:33,3.1,400,29100
20240101,12:18:04,3.05,100,29050
20240101,12:19:27,3.05,50,29050
20240101,12:29:32,2.9,100,29050
20240101,12:30:28,2.9,50,29050
20240101,12:32:27,3.0,150,29050
20240101,12:33:08,2.95,500,29050
20240101,12:33:13,2.95,250,29050
20240101,12:33:39,2.95,150,29050
20240101,12:37:07,2.95,100,29050
20240101,12:38:48,2.95,300,29050
20240101,12:44:29,3.0,150,29050
20240101,12:44:57,2.95,150,28900
20240101,12:45:16,3.05,2250,28900
20240101,12:52:30,3.1,100,27600
20240101,12:52:37,3.0,100,27600
20240101,13:04:47,2.95,200,27550
20240101,13:05:34,3.0,1200,27550
20240101,13:05:40,3.0,600,27550
20240101,13:05:45,3.0,600,27550
20240101,13:06:02,2.9,1450,27750
20240101,13:06:29,2.9,250,27750
20240101,13:06:33,2.95,600,27750
20240101,13:09:32,2.8,50,27900
20240101,13:18:17,2.7,50,27950
20240101,13:22:13,2.7,50,27950
20240101,13:25:46,2.7,50,27900
20240101,13:26:22,2.7,50,27900
20240101,13:27:18,2.7,100,27900
20240101,13:28:55,2.7,250,27900
20240101,13:30:24,2.75,1000,27800
20240101,13:30:33,2.8,250,27800
20240101,13:30:42,2.85,250,27800
20240101,13:33:12,2.85,150,27800
20240101,13:41:42,2.8,2400,27900
20240101,13:43:50,2.75,3450,27150
20240101,13:44:59,2.75,150,27800
20240101,13:50:34,2.7,100,27950
20240101,13:57:25,2.7,250,27850
20240101,13:57:32,2.7,250,27850
20240101,13:58:06,2.7,250,27850
20240101,13:58:14,2.75,300,27850
20240101,13:58:21,2.7,250,27850
20240101,13:59:22,2.7,250,27850
20240101,13:59:32,2.7,250,27850
20240101,14:03:20,2.65,100,26600
20240101,14:03:26,2.65,250,26600
20240101,14:03:51,2.65,50,26600
20240101,14:04:06,2.65,50,26600
20240101,14:04:22,2.65,2300,26600
20240101,14:04:28,2.7,250,26600
20240101,14:04:34,2.7,100,26600
20240101,14:04:51,2.65,1750,26600
20240101,14:05:02,2.6,650,26600
20240101,14:05:07,2.6,750,26600
20240101,14:05:16,2.6,600,26600
20240101,14:05:40,2.6,50,26600
20240101,14:06:30,2.6,900,28400
20240101,14:08:50,2.55,50,28400
20240101,14:16:36,2.55,1600,28450
20240101,14:20:03,2.55,400,28450
20240101,14:22:26,2.55,150,28850
20240101,14:22:40,2.65,50,28850
20240101,14:22:49,2.65,100,28850
20240101,14:24:38,2.6,150,28850
20240101,14:27:46,2.5,200,28700
20240101,14:27:56,2.5,50,28700
20240101,14:28:05,2.5,200,28700
20240101,14:29:33,2.5,100,28700
20240101,14:35:19,2.6,400,28800
20240101,14:35:58,2.6,600,28800
20240101,14:36:23,2.6,500,28200
20240101,14:36:39,2.6,700,28200
20240101,14:37:36,2.65,250,28200
20240101,14:41:58,2.6,250,26750
20240101,14:42:29,2.6,250,26750
20240101,14:43:22,2.65,250,26750
20240101,14:44:45,2.6,100,26750
20240101,14:45:05,2.65,900,26750
20240101,14:45:14,2.65,100,26450
20240101,14:45:31,2.65,250,26450
20240101,14:46:24,2.65,50,26450
20240101,14:46:30,2.65,50,26450
20240101,14:46:42,2.65,200,26450
20240101,14:47:15,2.7,100,26450
20240101,14:47:52,2.65,250,26450
20240101,14:49:50,2.75,250,25500
20240101,14:50:09,2.8,400,25500
20240101,14:52:24,2.8,250,25500
20240101,14:53:30,2.8,400,25500
20240101,14:53:48,2.8,100,25500
20240101,14:55:29,2.9,150,25650
20240101,15:00:17,2.95,150,25650
20240101,15:01:20,2.85,850,25650
20240101,15:01:37,2.7,1600,25650
20240101,15:01:47,2.75,100,25650
20240101,15:04:04,2.8,50,25550
20240101,15:04:47,2.8,800,25550
20240101,15:07:23,2.75,550,26050
20240101,15:08:08,2.65,200,26050
20240101,15:08:17,2.65,50,26050
20240101,15:10:22,2.65,50,25550
20240101,15:10:31,2.65,250,25550
20240101,15:10:54,2.65,350,25550
20240101,15:11:05,2.7,150,25550
20240101,15:12:49,2.75,100,25900
20240101,15:12:58,2.75,500,25900
20240101,15:13:16,2.8,1500,25900
20240101,15:13:45,2.75,50,25900
20240101,15:14:52,2.8,50,25900
20240101,15:15:34,2.85,800,25500
20240101,15:16:44,2.85,350,25500
20240101,15:16:55,2.85,150,25500
20240101,15:17:35,2.85,450,25500
20240101,15:18:37,2.85,50,25800
20240101,15:19:37,2.8,500,25800
20240101,15:19:58,2.75,350,25800
20240101,15:20:07,2.95,2350,25800
20240101,15:20:17,2.8,50,25800
20240101,15:20:27,2.75,1050,25800
20240101,15:20:38,2.9,500,25800
20240101,15:20:49,2.85,100,25800
20240101,15:21:00,2.75,50,25800
20240101,15:21:33,2.75,450,27600
20240101,15:22:17,2.7,100,27600
20240101,15:22:28,2.65,300,27600
20240101,15:24:06,2.75,100,27600
20240101,15:26:23,2.55,750,27350
20240101,15:28:09,2.5,600,26600
20240101,15:28:21,2.35,1500,26600
20240101,15:28:32,2.4,250,26600
20240101,15:29:18,2.5,50,26600
20240101,15:29:29,2.55,50,26600
20240101,15:29:40,2.5,50,26600
20240101,15:29:52,2.45,250,26600
20240102,09:20:30,3.0,1,26650
20240102,09:20:30,2.95,1,26650
20240102,09:20:30,3.0,1800,26650
20240102,09:20:38,3.2,50,26650
20240102,09:21:05,3.2,500,26650
20240102,09:21:29,2.85,100,26650
20240102,09:23:22,2.75,150,26650
20240102,09:26:40,2.75,550,26400
20240102,09:28:26,2.75,1150,26400
20240102,09:28:38,3.8,1150,26400
20240102,09:28:50,3.4,450,26400
20240102,09:29:36,3.05,250,26600
20240102,09:29:48,3.05,150,26600
20240102,09:29:59,2.9,150,26600
20240102,09:32:02,2.9,50,26600
20240102,09:32:37,2.9,400,26500
20240102,09:34:06,3.4,7500,26500
20240102,09:34:17,2.95,1100,26500
20240102,09:34:59,2.75,650,26500
20240102,09:35:30,2.9,1750,33500
20240102,09:35:40,2.95,4500,33500
20240102,09:38:19,3.0,50,33500
20240102,09:39:02,2.95,400,33550
20240102,09:39:35,3.0,300,33550
20240102,09:40:35,2.9,750,33550
20240102,09:40:47,2.9,450,33550
20240102,09:41:00,2.9,50,33550
20240102,09:41:12,2.85,50,33550
20240102,09:41:34,2.95,450,32700
20240102,09:41:45,2.9,750,32700
20240102,09:42:06,2.85,1050,32700
20240102,09:42:29,2.85,50,32700
20240102,09:42:50,2.9,50,32700
20240102,09:43:01,2.8,150,32700
20240102,09:43:35,2.8,50,32700
20240102,09:43:46,2.8,50,32700
20240102,09:44:08,2.8,50,32700
20240102,09:45:02,2.8,50,33650
20240102,09:45:13,2.8,50,33650
20240102,09:45:23,2.8,50,33650
20240102,09:47:11,2.85,50,33650
20240102,09:47:32,2.9,750,33850
20240102,09:47:54,2.85,550,33850
20240102,09:48:15,2.9,50,33850
20240102,09:48:36,2.95,50,33850
20240102,09:48:56,2.9,150,33850
20240102,09:50:37,2.9,100,33900
20240102,09:50:47,2.9,100,33900
20240102,09:51:20,2.9,50,33900
20240102,09:51:31,2.9,250,33900
20240102,09:53:14,2.85,100,33900
20240102,09:53:34,2.9,50,33800
20240102,09:53:56,2.9,350,33800
20240102,09:54:06,2.9,450,33800
20240102,09:54:37,2.9,50,33800
20240102,09:54:48,2.9,50,33800
20240102,09:55:48,2.95,450,33800
20240102,09:56:00,2.95,700,33800
20240102,09:56:27,3.0,50,33800
20240102,09:56:40,2.95,200,32800
20240102,09:56:54,3.0,50,32800
20240102,09:57:07,3.0,250,32800
20240102,09:57:20,3.0,1000,32800
20240102,09:57:46,3.0,50,32800
20240102,09:57:57,2.95,100,32800
20240102,09:58:44,3.0,50,32800
20240102,10:00:36,3.0,150,32450
20240102,10:00:58,3.0,50,32450
20240102,10:01:43,2.95,300,32450
20240102,10:01:54,3.0,50,32450
20240102,10:03:37,2.9,650,32500
20240102,10:04:10,2.95,400,32500
20240102,10:04:33,3.0,50,32500
20240102,10:04:44,3.0,250,32500
20240102,10:05:18,3.1,500,32500
20240102,10:05:29,3.05,50,33100
20240102,10:05:39,3.0,150,33100
20240102,10:05:50,2.95,250,33100
20240102,10:06:13,2.9,200,33100
20240102,10:06:25,2.9,250,33100
20240102,10:06:37,2.95,100,33100
20240102,10:07:11,2.9,200,33100
20240102,10:07:23,2.95,50,33100
20240102,10:07:34,2.9,50,33100
20240102,10:07:56,2.9,50,33100
20240102,10:08:29,2.85,50,33100
20240102,10:09:03,2.85,250,33400
20240102,10:10:01,2.95,50,33400
20240102,10:10:12,2.95,100,33400
20240102,10:10:23,2.95,350,33400
20240102,10:12:22,2.95,50,33600
20240102,10:12:55,3.0,250,33600
20240102,10:13:28,3.05,150,33600
20240102,10:14:11,3.05,350,33600
20240102,10:15:54,3.05,250,33350
20240102,10:16:15,3.1,200,33350
20240102,10:18:00,3.0,2500,33250
20240102,10:18:37,3.0,150,33250
20240102,10:18:56,3.05,50,33250
20240102,10:19:06,3.05,400,33250
20240102,10:19:16,3.05,50,33250
20240102,10:20:35,3.0,50,33150
20240102,10:20:44,3.0,300,33150
20240102,10:21:45,3.0,1800,33150
20240102,10:22:34,3.05,750,33150
20240102,10:23:04,3.05,50,33150
20240102,10:24:37,3.0,50,31350
20240102,10:25:07,3.0,900,31350
20240102,10:27:44,3.1,850,31350
20240102,10:27:54,3.05,50,31350
20240102,10:29:08,3.05,950,31350
20240102,10:30:09,3.1,250,30000
20240102,10:30:19,3.1,150,30000
20240102,10:31:33,3.15,50,30000
20240102,10:31:44,3.15,400,30000
20240102,10:32:14,3.1,50,30000
20240102,10:32:24,3.15,200,30000
20240102,10:32:33,3.15,200,30000
20240102,10:33:11,3.2,100,29950
20240102,10:33:20,3.2,150,29950
20240102,10:34:17,3.2,50,29950
20240102,10:34:27,3.2,200,29950
20240102,10:35:20,3.25,50,29950
20240102,10:35:47,3.2,1700,29900
20240102,10:35:55,3.25,50,29900
20240102,10:36:35,3.25,100,29900
20240102,10:36:58,3.3,250,29900
20240102,10:37:21,3.3,50,29900
20240102,10:37:32,3.3,250,29900
20240102,10:37:42,3.3,50,29900
20240102,10:39:43,3.2,350,29950
20240102,10:40:04,3.3,200,29950
20240102,10:40:16,3.25,100,29950
20240102,10:41:47,3.3,100,29700
20240102,10:42:57,3.2,50,29700
20240102,10:43:07,3.2,50,29700
20240102,10:43:56,3.2,100,29700
20240102,10:44:06,3.2,50,29700
20240102,10:44:36,3.15,100,29700
20240102,10:46:23,3.2,50,29650
20240102,10:49:16,3.2,250,29650
20240102,10:50:53,3.3,50,29650
20240102,10:51:03,3.3,100,29650
20240102,10:52:41,3.2,50,29650
20240102,10:52:51,3.2,100,29650
20240102,10:53:10,3.25,50,29650
20240102,10:53:19,3.25,50,29650
20240102,10:53:38,3.25,50,29750
20240102,10:54:06,3.25,50,29750
20240102,10:54:44,3.25,50,29750
20240102,10:55:29,3.25,200,29750
20240102,10:56:14,3.25,50,29750
20240102,10:56:23,3.25,50,29750
20240102,10:56:53,3.25,250,29750
20240102,10:59:20,3.2,50,29750
20240102,10:59:30,3.2,50,29750
20240102,10:59:48,3.2,400,29750
20240102,11:00:26,3.2,50,29750
20240102,11:02:01,3.25,50,29750
20240102,11:02:12,3.25,100,29750
20240102,11:04:24,3.3,100,29650
20240102,11:05:38,3.3,100,29650
20240102,11:05:48,3.3,350,29750
20240102,11:05:57,3.3,50,29750
20240102,11:06:53,3.35,50,29750
20240102,11:07:03,3.3,300,29750
20240102,11:07:13,3.3,100,29750
20240102,11:07:22,3.3,300,29750
20240102,11:08:00,3.25,50,29750
20240102,11:09:05,3.25,50,29800
20240102,11:13:27,3.2,700,29800
20240102,11:15:31,3.2,50,29900
20240102,11:16:32,3.25,50,29900
20240102,11:16:50,3.25,50,29900
20240102,11:21:20,3.15,150,29900
20240102,11:21:38,3.15,850,29900
20240102,11:21:54,3.15,150,29900
20240102,11:22:04,3.2,250,29900
20240102,11:22:13,3.2,100,29900
20240102,11:23:05,3.15,100,29900
20240102,11:23:13,3.2,650,29900
20240102,11:29:12,3.2,250,31900
20240102,11:29:20,3.2,50,31900
20240102,11:29:36,3.2,450,31900
20240102,11:30:23,3.15,50,31700
20240102,11:30:39,3.1,500,31700
20240102,11:32:02,3.15,50,31700
20240102,11:36:59,3.1,150,31700
20240102,11:37:14,3.15,50,31700
20240102,11:37:21,3.15,100,31700
20240102,11:38:25,3.15,50,31700
20240102,11:38:56,3.1,50,31700
20240102,11:39:36,3.1,50,31700
20240102,11:41:18,3.15,500,31700
20240102,11:41:26,3.15,250,31700
20240102,11:48:34,3.1,200,32200
20240102,12:02:17,3.1,250,32250
20240102,12:02:45,3.1,150,32250
20240102,12:03:03,3.1,50,32200
20240102,12:03:10,3.1,50,32200
20240102,12:09:44,3.1,50,32250
20240102,12:09:50,3.1,50,32250
20240102,12:10:21,3.1,1150,32250
20240102,12:12:29,3.1,50,33350
20240102,12:16:05,3.2,250,33400
20240102,12:16:12,3.2,250,33400
20240102,12:18:22,3.15,100,33450
20240102,12:18:30,3.15,50,33450
20240102,12:19:15,3.2,100,33450
20240102,12:21:03,3.15,50,33550
20240102,12:21:31,3.15,500,33550
20240102,12:21:53,3.15,50,33550
20240102,12:24:50,3.15,50,33550
20240102,12:24:56,3.1,50,33550
20240102,12:25:02,3.1,150,33550
20240102,12:25:09,3.1,250,33550
20240102,12:25:15,3.1,100,33550
20240102,12:27:02,3.2,50,33550
20240102,12:27:14,3.1,50,33600
20240102,12:28:11,3.1,100,33600
20240102,12:28:18,3.1,250,33600
20240102,12:31:58,3.1,50,33650
20240102,12:32:15,3.2,200,33650
20240102,12:32:21,3.2,200,33650
20240102,12:32:26,3.2,400,33650
20240102,12:34:47,3.2,150,33650
20240102,12:35:15,3.15,250,34250
20240102,12:35:41,3.2,50,34250
20240102,12:36:26,3.2,650,34300
20240102,12:44:10,3.15,250,34450
20240102,12:47:01,3.15,100,34450
20240102,12:47:28,3.15,100,34450
20240102,12:47:38,3.15,50,34450
20240102,12:47:44,3.15,50,34450
20240102,12:47:55,3.15,50,34150
20240102,12:48:23,3.1,1350,34150
20240102,12:48:53,3.05,5100,34150
20240102,12:49:04,3.05,400,34150
20240102,12:49:49,3.0,5000,34150
20240102,12:50:17,3.05,50,34150
20240102,12:50:58,3.05,1200,42400
20240102,12:51:22,3.0,350,42400
20240102,12:51:40,3.0,250,42400
20240102,12:52:29,3.0,100,42400
20240102,12:59:05,3.0,250,41850
20240102,12:59:51,3.0,50,41850
20240102,13:03:59,2.95,100,41600
20240102,13:06:51,2.95,50,41600
20240102,13:08:22,3.0,50,41600
20240102,13:08:28,3.0,550,41600
20240102,13:08:35,3.0,50,41600
20240102,13:08:48,3.0,50,41600
20240102,13:15:32,2.95,100,41450
20240102,13:24:49,3.1,1550,41550
20240102,13:26:40,3.0,250,41550
20240102,13:27:52,3.05,500,42300
20240102,13:28:09,3.1,550,42300
20240102,13:28:22,3.1,500,42300
20240102,13:28:33,3.1,700,42300
20240102,13:29:00,3.1,50,42300
20240102,13:29:17,3.1,100,42300
20240102,13:29:50,3.1,250,42300
20240102,13:30:23,3.1,50,44100
20240102,13:31:01,3.1,50,44100
20240102,13:31:27,3.1,200,44100
20240102,13:31:44,3.1,200,44100
20240102,13:32:20,3.1,250,44100
20240102,13:33:08,3.1,50,44700
20240102,13:33:17,3.1,200,44700
20240102,13:34:18,3.1,250,44700
20240102,13:34:48,3.15,100,44700
20240102,13:39:59,3.1,50,44750
20240102,13:41:23,3.05,50,44750
20240102,13:41:36,3.1,200,44750
20240102,13:41:53,3.05,650,44750
20240102,13:43:29,3.05,50,45400
20240102,13:46:44,3.05,100,45400
20240102,13:57:50,3.0,50,45300
20240102,13:58:08,3.0,50,45300
20240102,13:58:18,3.0,50,45300
20240102,13:59:56,3.0,50,45300
20240102,14:00:01,3.0,50,45300
20240102,14:00:24,3.0,50,45500
20240102,14:01:05,3.0,50,45500
20240102,14:01:25,3.0,100,45500
20240102,14:01:49,3.0,50,45500
20240102,14:08:19,3.0,50,45750
20240102,14:08:31,3.1,50,45750
20240102,14:09:06,3.05,250,45750
20240102,14:10:04,3.0,250,45850
20240102,14:11:45,2.9,50,45850
20240102,14:11:51,2.9,50,45850
20240102,14:12:03,2.9,50,45850
20240102,14:12:09,2.9,50,45900
20240102,14:14:44,3.0,50,45900
20240102,14:15:03,3.0,50,45900
20240102,14:18:35,2.95,50,45850
20240102,14:18:48,2.95,50,45850
20240102,14:18:55,2.95,50,45850
20240102,14:19:01,2.9,200,45850
20240102,14:19:15,2.95,50,45850
20240102,14:19:30,2.95,100,45850
20240102,14:19:37,2.95,50,45850
20240102,14:20:04,2.95,50,45850
20240102,14:20:11,2.95,50,45850
20240102,14:20:17,2.95,50,45850
20240102,14:22:48,2.85,50,45500
20240102,14:22:55,2.9,300,45500
20240102,14:24:29,2.85,50,45500
20240102,14:30:08,2.8,300,45550
20240102,14:30:21,2.8,250,45550
20240102,14:30:29,2.8,250,45550
20240102,14:30:37,2.8,50,45550
20240102,14:31:59,2.75,600,45550
20240102,14:34:07,2.8,200,46550
20240102,14:34:27,2.85,200,46550
20240102,14:35:17,2.8,50,46550
20240102,14:37:08,2.85,50,46500
20240102,14:37:15,2.85,50,46500
20240102,14:37:21,2.85,50,46500
20240102,14:37:29,2.85,50,46500
20240102,14:38:25,2.8,100,46500
20240102,14:38:33,2.8,450,46500
20240102,14:38:40,2.8,50,46500
20240102,14:40:09,2.8,250,46400
20240102,14:40:30,2.8,600,46400
20240102,14:40:39,2.75,350,46400
20240102,14:41:08,2.75,50,46400
20240102,14:41:43,2.75,100,46400
20240102,14:41:56,2.75,50,46400
20240102,14:43:58,2.75,100,46400
20240102,14:44:04,2.75,300,46400
20240102,14:45:22,2.8,600,46450
20240102,14:46:31,2.7,50,46450
20240102,14:49:40,2.7,50,46450
20240102,14:50:39,2.7,50,46450
20240102,14:50:45,2.75,50,46450
20240102,14:51:52,2.8,150,46450
20240102,14:51:59,2.8,50,46450
20240102,14:52:27,2.75,250,46450
20240102,14:52:35,2.75,200,46450
20240102,14:55:31,2.75,100,46850
20240102,14:55:37,2.75,50,46850
20240102,14:57:15,2.75,100,46850
20240102,14:57:23,2.75,150,46850
20240102,14:59:07,2.75,50,46850
20240102,14:59:39,2.7,600,46850
20240102,15:00:11,2.75,350,46850
20240102,15:00:41,2.65,600,46050
20240102,15:01:19,2.8,1550,46050
20240102,15:01:33,2.85,1900,46050
20240102,15:01:49,2.85,50,46050
20240102,15:03:06,2.9,600,46050
20240102,15:03:20,2.9,50,47150
20240102,15:03:27,2.9,50,47150
20240102,15:03:55,2.9,150,47150
20240102,15:04:19,2.85,450,47150
20240102,15:04:27,2.85,300,47150
20240102,15:04:42,2.85,250,47150
20240102,15:04:49,2.85,50,47150
20240102,15:05:22,2.9,50,47150
20240102,15:06:01,2.95,950,47150
20240102,15:06:17,2.95,100,46500
20240102,15:06:26,2.95,50,46500
20240102,15:07:14,2.95,50,46500
20240102,15:07:23,2.95,50,46500
20240102,15:07:32,2.9,100,46500
20240102,15:07:41,2.9,150,46500
20240102,15:08:01,2.9,100,46500
20240102,15:08:12,2.85,250,46500
20240102,15:08:22,2.9,50,46500
20240102,15:08:49,2.95,50,46500
20240102,15:09:09,2.95,50,46500
20240102,15:09:37,2.95,50,46000
20240102,15:09:48,2.95,50,46000
20240102,15:09:59,2.9,700,46000
20240102,15:10:20,2.9,350,46000
20240102,15:12:36,2.9,150,45500
20240102,15:12:46,2.9,50,45500
20240102,15:13:28,2.95,250,45500
20240102,15:13:46,2.9,100,45500
20240102,15:13:55,2.9,50,45500
20240102,15:14:05,2.9,100,45500
20240102,15:14:14,2.9,50,45500
20240102,15:14:42,2.9,50,45500
20240102,15:14:50,2.9,50,45500
20240102,15:15:15,2.9,150,45500
20240102,15:15:48,2.9,250,45500
20240102,15:16:44,2.95,50,45500
20240102,15:17:02,3.0,450,45500
20240102,15:17:12,3.05,400,45500
20240102,15:17:30,2.95,50,45500
20240102,15:18:22,3.0,750,46100
20240102,15:18:38,3.0,400,46100
20240102,15:18:47,3.0,50,46100
20240102,15:21:23,3.0,50,46900
20240102,15:21:31,3.0,350,46900
20240102,15:21:49,3.05,50,46900
20240102,15:21:56,3.0,250,46900
20240102,15:22:35,2.95,550,46900
20240102,15:22:43,2.95,100,46900
20240102,15:22:52,2.95,50,46900
20240102,15:23:01,3.0,100,46900
20240102,15:23:20,3.0,600,46900
20240102,15:25:24,3.05,50,48050
20240102,15:26:14,3.05,100,48050
20240102,15:26:23,3.15,1300,48050
20240102,15:26:34,3.15,1750,48050
20240102,15:26:43,3.15,100,48050
20240102,15:27:39,3.25,1700,49100
20240102,15:27:48,2.8,3900,49100
20240102,15:27:57,2.5,4650,49100
20240102,15:28:06,2.55,1050,49100
20240102,15:28:15,2.65,800,49100
20240102,15:28:25,2.65,1050,49100
20240102,15:28:34,2.7,50,49100
20240102,15:29:00,2.75,50,49100
20240102,15:29:37,2.85,350,49100
20240102,15:29:48,3.15,200,49100
20240103,09:15:17,2.95,1,46550
20240103,09:15:17,2.95,250,46550
20240103,09:15:24,2.8,700,46550
20240103,09:15:44,2.75,450,46550
20240103,09:15:51,2.75,50,46550
20240103,09:15:57,2.85,50,46550
20240103,09:16:25,2.85,50,46550
20240103,09:17:04,2.85,1300,46550
20240103,09:17:12,2.9,150,46550
20240103,09:17:19,2.85,900,46550
20240103,09:17:40,2.85,200,47450
20240103,09:18:27,2.85,200,47450
20240103,09:18:58,2.85,350,47450
20240103,09:19:07,2.8,150,47450
20240103,09:19:14,2.85,100,47450
20240103,09:20:02,2.8,100,47450
20240103,09:20:17,2.85,250,47450
20240103,09:20:23,2.8,100,47450
20240103,09:20:29,2.8,200,47450
20240103,09:20:40,2.8,100,48050
20240103,09:22:00,2.8,50,48050
20240103,09:22:24,2.8,100,48050
20240103,09:22:30,2.85,50,48050
20240103,09:22:37,2.85,50,48050
20240103,09:23:29,2.9,400,48050
20240103,09:24:14,2.95,50,48400
20240103,09:24:26,2.95,300,48400
20240103,09:25:24,2.95,50,48400
20240103,09:25:30,3.0,50,48400
20240103,09:26:51,3.0,100,48800
20240103,09:27:02,3.0,50,48800
20240103,09:27:29,3.0,300,48800
20240103,09:27:35,3.0,50,48800
20240103,09:28:00,3.0,50,48800
20240103,09:28:32,3.0,250,48800
20240103,09:29:10,3.0,50,48800
20240103,09:29:56,3.0,100,49600
20240103,09:30:02,3.0,100,49600
20240103,09:30:08,2.95,300,49600
20240103,09:31:44,2.85,150,49600
20240103,09:32:34,2.9,100,49600
20240103,09:34:17,2.85,200,49900
20240103,09:34:37,2.7,8250,49900
20240103,09:34:45,2.7,250,49900
20240103,09:36:24,2.85,150,47450
20240103,09:36:43,2.8,50,47450
20240103,09:37:01,2.8,50,47450
20240103,09:38:55,2.8,150,47450
20240103,09:40:17,2.85,100,47450
20240103,09:40:40,2.85,250,47450
20240103,09:40:46,2.85,50,47450
20240103,09:40:51,2.85,50,47450
20240103,09:43:10,2.8,100,47450
20240103,09:43:38,2.85,50,47450
20240103,09:45:15,2.85,50,47500
20240103,09:45:37,2.9,50,47500
20240103,09:46:00,2.85,50,47500
20240103,09:46:51,2.85,50,47500
20240103,09:48:33,2.85,250,47400
20240103,09:49:24,2.85,100,47400
20240103,09:49:30,2.8,50,47400
20240103,09:49:36,2.8,150,47400
20240103,09:49:55,2.85,250,47400
20240103,09:50:02,2.85,250,47400
20240103,09:50:34,2.8,150,47400
20240103,09:50:52,2.85,250,47100
20240103,09:51:29,2.85,150,47100
20240103,09:51:35,2.85,100,47100
20240103,09:52:04,2.85,50,47100
20240103,09:54:41,2.9,500,47000
20240103,09:55:52,2.9,50,47000
20240103,09:56:22,2.85,100,47000
20240103,09:56:28,2.85,100,47000
20240103,09:58:54,2.8,200,47400
20240103,10:00:52,2.8,350,47250
20240103,10:01:00,2.8,50,47250
20240103,10:04:18,2.85,150,47100
20240103,10:04:31,2.8,50,47100
20240103,10:05:04,2.75,250,47100
20240103,10:05:31,2.8,150,47100
20240103,10:06:17,2.8,100,47100
20240103,10:06:22,2.8,150,47100
20240103,10:06:28,2.8,50,47100
20240103,10:06:40,2.8,100,47100
20240103,10:07:27,2.8,50,47100
20240103,10:07:45,2.75,50,47100
20240103,10:09:00,2.75,1000,47250
20240103,10:09:06,2.75,250,47250
20240103,10:09:12,2.75,50,47250
20240103,10:09:29,2.75,50,47250
20240103,10:11:39,2.75,50,47250
20240103,10:12:07,2.7,250,47100
20240103,10:12:18,2.75,350,47100
20240103,10:12:50,2.75,1400,47100
20240103,10:12:55,2.75,100,47100
20240103,10:13:01,2.75,50,47100
20240103,10:13:11,2.75,1450,47100
20240103,10:13:17,2.75,1700,47100
20240103,10:17:26,2.75,100,47500
20240103,10:17:31,2.75,650,47500
20240103,10:19:37,2.75,250,48250
20240103,10:20:05,2.75,50,48250
20240103,10:20:26,2.75,150,48250
20240103,10:21:00,2.75,1300,48400
20240103,10:21:08,2.8,50,48400
20240103,10:22:50,2.8,50,48400
20240103,10:23:04,2.85,100,48400
20240103,10:23:19,2.8,450,48400
20240103,10:23:39,2.85,250,49350
20240103,10:25:29,2.9,200,49350
20240103,10:25:41,2.9,50,49350
20240103,10:26:42,2.85,550,49100
20240103,10:27:10,2.85,50,49100
20240103,10:27:33,2.85,500,49100
20240103,10:27:39,2.85,100,49100
20240103,10:28:10,2.9,50,49100
20240103,10:28:16,2.8,150,49100
20240103,10:33:34,2.75,50,49100
20240103,10:33:48,2.85,1500,49100
20240103,10:38:55,2.75,100,49100
20240103,10:41:11,2.85,50,49100
20240103,10:41:44,2.85,100,49100
20240103,10:42:09,2.85,50,49200
20240103,10:43:58,2.9,50,49200
20240103,10:44:03,2.9,50,49200
20240103,10:45:48,2.95,50,49250
20240103,10:46:23,3.0,50,49250
20240103,10:46:28,3.0,50,49250
20240103,10:46:38,2.95,1650,49250
20240103,10:53:46,3.0,250,49000
20240103,10:54:53,3.0,100,49000
20240103,10:55:49,2.95,150,49000
20240103,10:59:44,2.85,50,48900
20240103,11:02:13,2.95,50,48850
20240103,11:03:22,2.95,50,48900
20240103,11:04:25,3.0,100,48900
20240103,11:04:37,2.9,300,48900
20240103,11:05:54,2.85,750,48550
20240103,11:06:13,2.85,200,48550
20240103,11:06:32,2.85,50,48550
20240103,11:08:24,2.85,1150,48550
20240103,11:08:46,2.75,750,48200
20240103,11:08:50,2.75,500,48200
20240103,11:09:15,2.75,150,48200
20240103,11:09:18,2.75,750,48200
20240103,11:09:39,2.75,50,48200
20240103,11:09:54,2.8,750,48200
20240103,11:10:36,2.8,1000,48200
20240103,11:10:40,2.8,200,48200
20240103,11:12:18,2.9,1350,47750
20240103,11:13:13,2.95,350,47750
20240103,11:13:29,2.95,250,47750
20240103,11:13:51,2.95,50,47750
20240103,11:14:30,2.95,2200,47750
20240103,11:14:33,2.95,200,47750
20240103,11:15:47,2.95,250,48350
20240103,11:16:26,2.95,750,48350
20240103,11:17:07,2.95,350,48350
20240103,11:18:16,2.95,50,48600
20240103,11:18:23,2.95,50,48600
20240103,11:19:04,2.95,200,48600
20240103,11:19:13,2.95,50,48600
20240103,11:19:24,2.95,600,48600
20240103,11:19:28,2.95,1000,48600
20240103,11:21:41,2.85,50,49350
20240103,11:21:58,2.8,100,49350
20240103,11:22:01,2.8,50,49350
20240103,11:22:18,2.75,650,49350
20240103,11:22:41,2.75,100,49350
20240103,11:22:45,2.75,400,49350
20240103,11:23:18,2.8,250,49350
20240103,11:24:21,2.8,450,49550
20240103,11:24:24,2.8,50,49550
20240103,11:24:29,2.8,250,49550
20240103,11:24:42,2.8,50,49550
20240103,11:24:45,2.8,50,49550
20240103,11:24:51,2.8,50,49550
20240103,11:25:15,2.8,500,49550
20240103,11:27:03,2.75,50,48800
20240103,11:27:27,2.85,250,48800
20240103,11:28:21,2.85,250,48800
20240103,11:29:56,2.75,50,48850
20240103,11:29:59,2.8,50,48850
20240103,11:30:21,2.75,100,48850
20240103,11:30:25,2.75,150,48850
20240103,11:30:29,2.8,50,48850
20240103,11:31:15,2.8,100,48850
20240103,11:31:18,2.8,100,48850
20240103,11:33:23,2.85,50,48700
20240103,11:33:28,2.8,50,48700
20240103,11:33:33,2.8,50,48700
20240103,11:34:35,2.85,150,48700
20240103,11:34:44,2.85,50,48700
20240103,11:35:07,2.85,200,48700
20240103,11:42:23,2.9,250,48550
20240103,11:47:54,2.8,500,48450
20240103,11:48:40,2.9,150,48450
20240103,11:49:08,2.85,450,48450
20240103,11:49:13,2.85,350,48450
20240103,11:50:58,2.85,100,48900
20240103,11:51:44,2.8,50,48900
20240103,11:51:49,2.75,1800,48900
20240103,11:52:04,2.7,1800,48900
20240103,11:52:09,2.7,300,48900
20240103,11:53:20,2.65,1000,48900
20240103,11:55:27,2.65,600,48550
20240103,11:55:30,2.65,200,48550
20240103,11:56:22,2.65,50,48550
20240103,11:58:09,2.6,100,48150
20240103,11:59:09,2.6,50,48150
20240103,12:01:22,2.55,550,48100
20240103,12:01:35,2.55,700,48100
20240103,12:06:36,2.55,750,47850
20240103,12:07:32,2.55,50,47850
20240103,12:12:59,2.55,50,47850
20240103,12:16:26,2.6,50,47850
20240103,12:17:33,2.55,50,47850
20240103,12:17:49,2.55,50,47850
20240103,12:21:53,2.6,150,47850
20240103,12:22:39,2.55,150,47850
20240103,12:22:57,2.55,50,47850
20240103,12:24:18,2.55,300,47800
20240103,12:26:34,2.6,50,47800
20240103,12:26:59,2.65,250,47750
20240103,12:27:19,2.65,150,47750
20240103,12:29:23,2.7,50,47750
20240103,12:29:29,2.7,50,47750
20240103,12:29:35,2.7,50,47750
20240103,12:29:41,2.65,500,47750
20240103,12:34:03,2.7,300,47500
20240103,12:36:44,2.7,50,47800
20240103,12:36:59,2.7,250,47800
20240103,12:37:41,2.75,500,47800
20240103,12:41:12,2.65,1300,48500
20240103,12:42:46,2.6,550,48500
20240103,12:48:32,2.5,750,48500
20240103,12:49:32,2.5,300,48500
20240103,12:49:36,2.5,50,48500
20240103,12:49:58,2.5,50,48500
20240103,12:50:58,2.45,200,48500
20240103,12:53:31,2.45,50,48200
20240103,12:53:59,2.45,50,48200
20240103,13:00:09,2.35,250,48150
20240103,13:02:48,2.35,250,48150
20240103,13:08:01,2.35,300,48400
20240103,13:13:31,2.35,50,48400
20240103,13:15:31,2.4,150,48400
20240103,13:17:50,2.35,350,48400
20240103,13:18:22,2.35,50,48500
20240103,13:18:27,2.35,50,48500
20240103,13:21:48,2.3,100,48500
20240103,13:22:28,2.3,250,48500
20240103,13:24:06,2.3,300,48500
20240103,13:28:23,2.3,50,48750
20240103,13:32:24,2.3,600,48750
20240103,13:51:31,2.3,300,48250
20240103,13:51:43,2.35,1800,48250
20240103,13:51:47,2.35,1800,48250
20240103,13:54:16,2.3,250,49100
20240103,13:59:49,2.3,50,49350
20240103,14:00:42,2.35,250,49350
20240103,14:01:13,2.3,450,49350
20240103,14:02:03,2.3,950,49350
20240103,14:03:20,2.35,350,49500
20240103,14:03:38,2.35,500,49500
20240103,14:08:13,2.35,500,48800
20240103,14:10:12,2.35,250,48800
20240103,14:19:44,2.45,200,49050
20240103,14:20:06,2.45,250,49050
20240103,14:21:10,2.45,500,49050
20240103,14:21:24,2.45,250,49100
20240103,14:21:30,2.45,50,49100
20240103,14:21:34,2.45,400,49100
20240103,14:21:37,2.45,100,49100
20240103,14:21:52,2.45,250,49100
20240103,14:22:36,2.4,100,49100
20240103,14:22:55,2.35,50,49100
20240103,14:22:58,2.35,150,49100
20240103,14:29:43,2.4,50,49550
20240103,14:31:30,2.4,250,49600
20240103,14:32:53,2.4,100,49600
20240103,14:33:34,2.4,350,49700
20240103,14:34:09,2.35,1800,49700
20240103,14:34:13,2.35,150,49700
20240103,14:34:17,2.3,400,49700
20240103,14:34:26,2.3,50,49700
20240103,14:34:30,2.3,600,49700
20240103,14:34:34,2.25,3150,49700
20240103,14:34:38,2.2,900,49700
20240103,14:34:47,2.2,1800,49700
20240103,14:34:55,2.2,1600,49700
20240103,14:35:22,2.15,400,49700
20240103,14:36:09,2.15,450,49700
20240103,14:37:21,2.15,550,47800
20240103,14:37:28,2.15,500,47800
20240103,14:38:04,2.2,50,47800
20240103,14:39:20,2.25,250,47800
20240103,14:39:57,2.25,1500,47750
20240103,14:40:04,2.25,100,47750
20240103,14:40:11,2.25,50,47750
20240103,14:41:21,2.25,1750,47750
20240103,14:41:57,2.25,50,47750
20240103,14:42:01,2.25,50,47750
20240103,14:42:10,2.2,250,47750
20240103,14:42:47,2.2,250,48000
20240103,14:45:01,2.25,100,48000
20240103,14:45:17,2.25,50,48000
20240103,14:45:54,2.25,100,48300
20240103,14:47:31,2.25,50,48300
20240103,14:48:35,2.25,250,48450
20240103,14:49:12,2.25,250,48450
20240103,14:49:49,2.2,50,48450
20240103,14:51:24,2.2,500,48450
20240103,14:51:40,2.2,50,48450
20240103,14:52:19,2.2,50,48450
20240103,14:52:32,2.2,50,48450
20240103,15:00:16,2.1,1250,48450
20240103,15:00:30,2.1,50,48600
20240103,15:06:44,2.15,600,48550
20240103,15:09:35,2.2,100,48800
20240103,15:09:46,2.1,200,48800
20240103,15:09:52,2.15,50,48800
20240103,15:12:17,2.1,1550,48800
20240103,15:12:23,2.05,300,48800
20240103,15:14:50,1.95,2150,49050
20240103,15:16:04,1.95,400,48600
20240103,15:17:58,1.95,1500,48600
20240103,15:20:41,1.95,50,48600
20240103,15:21:12,1.95,50,48600
20240103,15:21:42,1.95,150,48600
20240103,15:22:18,1.85,100,48600
20240103,15:24:02,1.85,50,48600
20240103,15:25:09,1.85,50,48550
20240103,15:25:18,1.9,100,48550
20240103,15:26:26,1.85,1050,48550
20240103,15:26:42,1.85,250,48550
20240103,15:26:58,1.85,300,48550
20240103,15:27:05,1.85,200,48550
20240103,15:27:11,1.85,50,48550
20240103,15:27:16,1.85,100,48550
20240103,15:27:32,1.8,300,48050
20240103,15:27:41,1.7,1850,48050
20240103,15:27:52,1.8,300,48050
20240103,15:28:02,1.8,50,48050
20240103,15:28:22,1.8,100,48050
20240103,15:28:27,1.8,50,48050
20240103,15:29:03,1.9,250,48050
20240104,09:15:18,2.0,1,47750
20240104,09:15:18,1.95,200,47750
20240104,09:16:16,1.9,500,47750
20240104,09:16:24,1.9,200,47750
20240104,09:16:32,1.8,150,47750
20240104,09:16:41,1.75,150,47750
20240104,09:17:10,1.75,400,47750
20240104,09:17:24,1.75,150,47750
20240104,09:17:30,1.7,300,47900
20240104,09:17:38,1.7,100,47900
20240104,09:17:46,1.7,2000,47900
20240104,09:17:59,1.75,50,47900
20240104,09:18:08,1.75,250,47900
20240104,09:18:26,1.75,200,47900
20240104,09:18:33,1.75,3000,47900
20240104,09:18:47,1.75,50,47900
20240104,09:19:08,1.75,100,47900
20240104,09:19:45,1.7,50,47900
20240104,09:20:02,1.7,50,47900
20240104,09:20:16,1.7,450,47900
20240104,09:20:23,1.75,100,47900
20240104,09:20:48,1.75,100,53050
20240104,09:21:00,1.75,100,53050
20240104,09:21:23,1.7,350,53050
20240104,09:22:19,1.75,650,53050
20240104,09:22:41,1.7,350,53050
20240104,09:23:37,1.75,50,53100
20240104,09:25:55,1.6,1150,53100
20240104,09:27:41,1.6,350,53300
20240104,09:28:07,1.6,450,53300
20240104,09:28:16,1.6,250,53300
20240104,09:28:25,1.6,100,53300
20240104,09:29:15,1.55,50,53300
20240104,09:29:57,1.55,400,54250
20240104,09:30:30,1.6,50,54250
20240104,09:30:38,1.55,50,54250
20240104,09:31:27,1.55,50,54250
20240104,09:32:14,1.6,250,54250
20240104,09:32:22,1.55,700,54250
20240104,09:38:45,1.6,300,53350
20240104,09:42:34,1.55,200,53350
20240104,09:45:32,1.55,250,53450
20240104,09:45:48,1.55,500,53450
20240104,09:46:18,1.45,1150,53450
20240104,09:47:34,1.45,300,53000
20240104,09:47:41,1.5,100,53000
20240104,09:48:02,1.45,200,53000
20240104,09:48:17,1.45,150,53000
20240104,09:48:57,1.4,200,53000
20240104,09:50:59,1.4,50,52900
20240104,09:51:19,1.4,100,52900
20240104,09:51:45,1.4,250,52900
20240104,09:51:58,1.4,200,52900
20240104,09:52:18,1.45,50,52900
20240104,09:53:16,1.45,300,52900
20240104,09:54:14,1.5,350,53100
20240104,09:55:33,1.5,50,53100
20240104,09:55:46,1.5,50,53100
20240104,09:56:06,1.5,50,53100
20240104,09:56:12,1.5,50,53100
20240104,09:56:19,1.5,50,53100
20240104,09:56:32,1.5,50,53400
20240104,09:56:51,1.45,200,53400
20240104,09:57:03,1.5,50,53400
20240104,09:57:10,1.5,350,53400
20240104,09:57:16,1.5,100,53400
20240104,09:57:22,1.5,50,53400
20240104,09:57:29,1.5,250,53400
20240104,09:57:35,1.5,1150,53400
20240104,09:57:41,1.5,50,53400
20240104,09:57:48,1.5,100,53400
20240104,09:57:54,1.5,50,53400
20240104,09:58:09,1.5,100,53400
20240104,09:58:16,1.5,50,53400
20240104,09:58:36,1.45,50,53400
20240104,09:58:44,1.45,200,53400
20240104,09:59:20,1.45,200,53400
20240104,10:00:28,1.4,100,53100
20240104,10:02:42,1.4,50,53100
20240104,10:04:57,1.4,150,53100
20240104,10:05:06,1.35,1900,53100
20240104,10:05:15,1.35,650,53100
20240104,10:05:23,1.4,700,53100
20240104,10:07:22,1.4,1150,52300
20240104,10:08:21,1.35,150,52300
20240104,10:09:05,1.35,300,52400
20240104,10:12:21,1.35,100,52400
20240104,10:12:53,1.3,350,52400
20240104,10:12:59,1.3,100,52400
20240104,10:13:15,1.3,550,52400
20240104,10:13:22,1.3,100,52400
20240104,10:13:43,1.3,50,52400
20240104,10:14:27,1.35,2750,52400
20240104,10:15:12,1.35,400,50850
20240104,10:15:20,1.35,400,50850
20240104,10:15:28,1.35,900,50850
20240104,10:15:51,1.3,500,50850
20240104,10:16:13,1.35,200,50850
20240104,10:16:42,1.35,500,50850
20240104,10:16:50,1.35,750,50850
20240104,10:18:35,1.4,500,50100
20240104,10:20:04,1.35,300,50100
20240104,10:20:11,1.35,400,50100
20240104,10:20:42,1.4,1150,50650
20240104,10:20:50,1.4,2450,50650
20240104,10:21:06,1.35,50,50650
20240104,10:21:16,1.4,500,50650
20240104,10:21:26,1.4,400,50650
20240104,10:21:42,1.4,50,50650
20240104,10:22:52,1.35,500,50650
20240104,10:23:14,1.35,250,50650
20240104,10:24:56,1.35,300,54050
20240104,10:25:04,1.35,250,54050
20240104,10:26:41,1.4,50,54050
20240104,10:26:55,1.35,50,54050
20240104,10:27:24,1.35,250,54050
20240104,10:29:08,1.35,50,54050
20240104,10:31:06,1.35,1600,53950
20240104,10:34:19,1.35,900,52650
20240104,10:34:57,1.35,250,52650
20240104,10:35:04,1.35,50,52650
20240104,10:35:29,1.3,50,52650
20240104,10:37:04,1.3,100,51800
20240104,10:37:31,1.35,200,51800
20240104,10:38:42,1.3,200,51800
20240104,10:38:51,1.3,250,51800
20240104,10:41:50,1.3,500,51850
20240104,10:43:38,1.25,50,51850
20240104,10:45:04,1.25,2400,52250
20240104,10:45:09,1.3,900,52250
20240104,10:45:15,1.3,100,52250
20240104,10:45:21,1.3,50,52250
20240104,10:46:23,1.3,300,52250
20240104,10:46:34,1.3,250,52250
20240104,10:48:32,1.35,250,53650
20240104,10:48:55,1.35,50,53650
20240104,10:49:47,1.35,850,53650
20240104,10:50:28,1.35,250,53650
20240104,10:50:38,1.35,100,53300
20240104,11:00:48,1.4,100,53300
20240104,11:01:08,1.35,50,53300
20240104,11:03:56,1.35,3150,53250
20240104,11:06:48,1.35,100,51950
20240104,11:14:20,1.3,50,51950
20240104,11:14:37,1.35,350,51950
20240104,11:16:14,1.3,400,51650
20240104,11:16:58,1.35,400,51650
20240104,11:18:36,1.3,350,51300
20240104,11:18:44,1.3,50,51300
20240104,11:18:52,1.3,50,51300
20240104,11:19:00,1.35,200,51300
20240104,11:19:08,1.3,350,51300
20240104,11:19:17,1.3,50,51300
20240104,11:19:25,1.3,250,51300
20240104,11:19:32,1.3,50,51300
20240104,11:19:41,1.3,100,51300
20240104,11:19:49,1.3,100,51300
20240104,11:27:10,1.35,1100,51250
20240104,11:27:53,1.35,900,51250
20240104,11:31:23,1.4,300,51250
20240104,11:32:16,1.4,100,51250
20240104,11:35:22,1.4,100,51550
20240104,11:35:33,1.4,350,51550
20240104,11:35:45,1.4,1650,51200
20240104,11:36:27,1.45,50,51200
20240104,11:37:51,1.45,200,51200
20240104,11:37:55,1.45,400,51200
20240104,11:41:13,1.4,150,50100
20240104,11:41:42,1.4,250,50100
20240104,11:42:12,1.4,50,49800
20240104,11:53:06,1.4,100,49750
20240104,11:56:56,1.45,50,49850
20240104,11:59:12,1.4,50,49850
20240104,11:59:38,1.45,50,49850
20240104,11:59:53,1.4,50,49850
20240104,12:00:08,1.45,50,49850
20240104,12:00:59,1.4,50,49850
20240104,12:02:33,1.45,450,49850
20240104,12:17:23,1.4,250,49900
20240104,12:23:11,1.35,150,50150
20240104,12:25:49,1.35,1500,50150
20240104,12:26:25,1.4,150,50150
20240104,12:26:32,1.4,50,50150
20240104,12:26:46,1.4,100,50150
20240104,12:26:53,1.4,50,50150
20240104,12:27:00,1.4,100,50150
20240104,12:27:14,1.4,50,50150
20240104,12:34:21,1.35,50,50150
20240104,12:36:12,1.35,400,50150
20240104,12:36:49,1.4,50,50150
20240104,12:39:01,1.4,150,50150
20240104,12:45:11,1.4,50,50250
20240104,12:47:10,1.35,50,50250
20240104,12:47:32,1.4,200,50250
20240104,12:47:40,1.4,50,50250
20240104,12:47:55,1.4,50,50250
20240104,12:57:40,1.35,50,50350
20240104,12:59:01,1.35,100,50350
20240104,12:59:24,1.4,100,50350
20240104,12:59:42,1.4,150,50350
20240104,12:59:47,1.4,200,50350
20240104,12:59:53,1.4,150,50350
20240104,13:03:21,1.35,200,50500
20240104,13:04:55,1.4,150,50500
20240104,13:05:48,1.4,50,50500
20240104,13:06:01,1.4,100,50550
20240104,13:08:39,1.35,50,50550
20240104,13:08:43,1.35,100,50550
20240104,13:15:50,1.3,200,50600
20240104,13:16:06,1.3,50,50600
20240104,13:17:06,1.3,100,50600
20240104,13:17:41,1.35,50,50600
20240104,13:18:04,1.35,250,50600
20240104,13:23:44,1.35,50,50350
20240104,13:25:12,1.35,50,50350
20240104,13:27:09,1.3,50,50400
20240104,13:28:20,1.35,50,50400
20240104,13:28:26,1.4,100,50400
20240104,13:28:31,1.4,250,50400
20240104,13:28:40,1.4,100,50400
20240104,13:28:44,1.4,50,50400
20240104,13:28:52,1.4,50,50400
20240104,13:28:56,1.4,50,50400
20240104,13:29:01,1.4,100,50400
20240104,13:29:05,1.4,50,50400
20240104,13:29:09,1.4,200,50400
20240104,13:29:18,1.4,100,50400
20240104,13:29:22,1.4,100,50400
20240104,13:29:26,1.4,100,50400
20240104,13:29:29,1.4,50,50400
20240104,13:29:37,1.4,100,50400
20240104,13:29:43,1.4,50,50400
20240104,13:29:52,1.4,100,50400
20240104,13:29:57,1.4,50,50400
20240104,13:30:02,1.4,150,51150
20240104,13:30:15,1.4,100,51150
20240104,13:30:21,1.4,100,51150
20240104,13:30:28,1.4,100,51150
20240104,13:30:35,1.4,300,51150
20240104,13:30:40,1.4,300,51150
20240104,13:30:46,1.4,350,51150
20240104,13:30:51,1.4,100,51150
20240104,13:30:56,1.4,150,51150
20240104,13:31:01,1.4,150,51150
20240104,13:40:09,1.4,100,52950
20240104,13:44:00,1.35,1250,53000
20240104,13:51:53,1.35,250,53250
20240104,13:52:16,1.35,300,53250
20240104,13:55:02,1.35,50,53800
20240104,13:58:19,1.35,100,53800
20240104,13:58:29,1.35,50,53800
20240104,13:58:34,1.35,50,53800
20240104,13:58:39,1.35,100,53800
20240104,14:00:20,1.35,50,53650
20240104,14:02:03,1.35,250,53650
20240104,14:02:41,1.4,250,53650
20240104,14:02:48,1.4,200,53650
20240104,14:03:16,1.4,1850,53600
20240104,14:04:56,1.4,50,53600
20240104,14:05:10,1.45,1000,53600
20240104,14:05:39,1.45,400,53600
20240104,14:05:51,1.45,400,53600
20240104,14:06:07,1.45,50,55350
20240104,14:06:18,1.45,200,55350
20240104,14:08:16,1.4,50,55350
20240104,14:10:07,1.45,200,55250
20240104,14:10:36,1.45,50,55250
20240104,14:15:31,1.45,250,55250
20240104,14:15:59,1.45,3100,55250
20240104,14:17:46,1.45,350,55250
20240104,14:21:12,1.45,400,56550
20240104,14:21:42,1.45,200,56550
20240104,14:22:06,1.4,50,56550
20240104,14:23:07,1.45,100,56550
20240104,14:23:10,1.4,100,56550
20240104,14:23:25,1.4,600,56550
20240104,14:24:21,1.4,250,56550
20240104,14:24:25,1.4,150,56550
20240104,14:26:45,1.4,50,56550
20240104,14:26:50,1.35,300,56550
20240104,14:28:14,1.35,300,56250
20240104,14:28:20,1.35,1000,56250
20240104,14:29:54,1.35,400,56250
20240104,14:30:00,1.35,1250,56250
20240104,14:30:18,1.35,50,56500
20240104,14:30:23,1.35,900,56500
20240104,14:30:43,1.35,150,56500
20240104,14:31:19,1.35,100,56500
20240104,14:31:28,1.4,50,56500
20240104,14:32:23,1.35,100,56500
20240104,14:39:56,1.35,1800,55300
20240104,14:39:59,1.35,50,55300
20240104,14:40:14,1.35,50,55300
20240104,14:40:58,1.35,50,55300
20240104,14:41:17,1.35,50,55300
20240104,14:41:45,1.3,3150,55300
20240104,14:41:50,1.3,150,55300
20240104,14:41:56,1.3,50,55300
20240104,14:42:02,1.3,150,55300
20240104,14:42:30,1.3,1800,58150
20240104,14:44:04,1.3,100,58150
20240104,14:44:11,1.25,100,58150
20240104,14:44:21,1.3,50,58150
20240104,14:49:15,1.3,50,58400
20240104,14:52:22,1.35,100,58400
20240104,14:52:58,1.35,50,58400
20240104,14:53:40,1.35,150,58400
20240104,14:53:59,1.35,50,58400
20240104,14:59:08,1.3,50,58400
20240104,14:59:24,1.3,50,58400
20240104,15:00:03,1.25,200,58400
20240104,15:00:10,1.25,1800,58400
20240104,15:00:44,1.3,550,59900
20240104,15:02:31,1.3,150,59900
20240104,15:06:36,1.25,500,59400
20240104,15:07:41,1.3,250,59400
20240104,15:10:01,1.35,50,59400
20240104,15:10:45,1.3,50,59400
20240104,15:11:09,1.3,750,59400
20240104,15:11:16,1.3,500,59400
20240104,15:12:08,1.35,4300,59400
20240104,15:12:15,1.4,2500,58200
20240104,15:13:02,1.35,50,58200
20240104,15:13:12,1.35,750,58200
20240104,15:13:21,1.35,50,58200
20240104,15:14:06,1.3,450,58200
20240104,15:14:13,1.3,800,58200
20240104,15:15:03,1.3,850,58200
20240104,15:15:10,1.35,350,58200
20240104,15:15:59,1.3,250,57900
20240104,15:16:26,1.3,250,57900
20240104,15:16:51,1.3,1000,57900
20240104,15:17:00,1.3,1450,57900
20240104,15:17:08,1.3,4350,57900
20240104,15:18:08,1.3,750,57900
20240104,15:18:16,1.3,800,61700
20240104,15:18:33,1.3,500,61700
20240104,15:19:41,1.35,100,61700
20240104,15:20:27,1.25,950,61700
20240104,15:22:49,1.25,500,62200
20240104,15:23:08,1.2,500,62200
20240104,15:23:16,1.2,50,62200
20240104,15:25:38,1.25,700,62750
20240104,15:25:58,1.25,600,62750
20240104,15:26:51,1.3,500,62750
20240104,15:27:00,1.25,600,62750
20240104,15:27:40,1.3,500,62800
20240104,15:28:38,1.25,600,62800
20240104,15:29:12,1.25,350,62800
20240104,15:29:20,1.25,50,62800
20240104,15:29:58,1.3,1500,62800
20240105,09:15:02,1.3,1,61300
20240105,09:15:02,1.3,50,61300
20240105,09:15:03,1.35,150,61300
20240105,09:15:04,1.35,800,61300
20240105,09:15:05,1.35,2000,61300
20240105,09:15:06,1.3,400,61300
20240105,09:15:07,1.2,1200,61300
20240105,09:15:08,1.25,700,61300
20240105,09:15:09,1.2,250,61300
20240105,09:15:10,1.25,50,61300
20240105,09:15:11,1.25,50,61300
20240105,09:15:12,1.25,300,61300
20240105,09:15:16,1.25,150,61300
20240105,09:15:17,1.2,400,61300
20240105,09:15:18,1.2,50,61300
20240105,09:15:19,1.2,300,61300
20240105,09:15:21,1.15,250,61300
20240105,09:15:39,1.15,50,61300
20240105,09:15:53,1.15,100,61300
20240105,09:16:00,1.15,50,61300
20240105,09:16:07,1.15,2300,61300
20240105,09:16:08,1.15,150,61300
20240105,09:16:09,1.15,250,61300
20240105,09:16:10,1.1,2050,61300
20240105,09:16:12,1.1,50,61300
20240105,09:16:32,1.1,100,61300
20240105,09:16:40,1.15,50,61300
20240105,09:16:55,1.1,100,61300
20240105,09:17:00,1.1,250,61300
20240105,09:17:02,1.1,1500,61300
20240105,09:17:12,1.1,700,61300
20240105,09:17:19,1.1,50,60900
20240105,09:17:23,1.1,850,60900
20240105,09:17:23,1.1,200,60900
20240105,09:17:28,1.1,50,60900
20240105,09:17:30,1.1,50,60900
20240105,09:17:31,1.15,50,60900
20240105,09:17:46,1.1,200,60900
20240105,09:17:47,1.1,50,60900
20240105,09:17:48,1.05,2450,60900
20240105,09:17:54,1.05,550,60900
20240105,09:17:57,1.1,50,60900
20240105,09:18:11,1.1,100,60900
20240105,09:18:47,1.1,350,60900
20240105,09:19:35,1.1,50,60900
20240105,09:19:38,1.1,400,60900
20240105,09:19:38,1.1,250,60900
20240105,09:19:47,1.1,50,60900
20240105,09:20:00,1.1,50,60900
20240105,09:20:01,1.1,550,60900
20240105,09:20:02,1.1,650,60900
20240105,09:20:03,1.1,800,60900
20240105,09:20:04,1.1,2600,60900
20240105,09:20:05,1.1,650,60900
20240105,09:20:06,1.1,800,60900
20240105,09:20:07,1.1,2650,60900
20240105,09:20:23,1.1,250,60900
20240105,09:20:32,1.15,50,64050
20240105,09:20:33,1.15,50,64050
20240105,09:20:34,1.15,50,64050
20240105,09:20:35,1.15,50,64050
20240105,09:20:36,1.15,50,64050
20240105,09:20:37,1.15,50,64050
20240105,09:20:37,1.15,150,64050
20240105,09:20:38,1.15,50,64050
20240105,09:20:39,1.15,50,64050
20240105,09:20:40,1.15,50,64050
20240105,09:20:41,1.15,50,64050
20240105,09:20:42,1.1,850,64050
20240105,09:20:43,1.15,50,64050
20240105,09:20:44,1.15,50,64050
20240105,09:20:45,1.15,50,64050
20240105,09:20:46,1.15,50,64050
20240105,09:20:47,1.15,50,64050
20240105,09:20:48,1.15,100,64050
20240105,09:20:49,1.15,50,64050
20240105,09:20:50,1.15,100,64050
20240105,09:20:51,1.15,1300,64050
20240105,09:20:52,1.15,50,64050
20240105,09:20:53,1.15,50,64050
20240105,09:20:54,1.15,50,64050
20240105,09:20:55,1.15,50,64050
20240105,09:20:56,1.15,50,64050
20240105,09:20:57,1.15,50,64050
20240105,09:20:58,1.15,200,64050
20240105,09:20:59,1.15,250,64050
20240105,09:21:00,1.15,300,64050
20240105,09:21:01,1.15,200,64050
20240105,09:21:03,1.15,50,64050
20240105,09:21:04,1.15,50,64050
20240105,09:21:05,1.15,50,64050
20240105,09:21:07,1.15,50,64050
20240105,09:21:08,1.15,100,64050
20240105,09:21:09,1.15,50,64050
20240105,09:21:10,1.15,50,64050
20240105,09:21:11,1.15,700,64050
20240105,09:21:12,1.15,100,64050
20240105,09:21:13,1.15,100,64050
20240105,09:21:14,1.15,150,64050
20240105,09:21:15,1.15,50,64050
20240105,09:21:16,1.15,150,64050
20240105,09:21:17,1.2,1750,64050
20240105,09:21:18,1.2,50,64050
20240105,09:21:19,1.2,200,64050
20240105,09:21:20,1.2,200,64050
20240105,09:21:21,1.2,200,64050
20240105,09:21:26,1.2,50,64050
20240105,09:21:27,1.2,50,64050
20240105,09:21:29,1.2,150,64050
20240105,09:21:30,1.2,50,64050
20240105,09:21:31,1.2,50,64050
20240105,09:21:32,1.2,50,64050
20240105,09:21:33,1.2,50,64050
20240105,09:21:34,1.2,50,64050
20240105,09:21:35,1.2,50,64050
20240105,09:21:36,1.2,50,64050
20240105,09:21:38,1.2,500,64050
20240105,09:21:39,1.2,50,64050
20240105,09:21:40,1.2,50,64050
20240105,09:21:41,1.2,50,64050
20240105,09:21:42,1.2,50,64050
20240105,09:21:43,1.2,50,64050
20240105,09:21:44,1.2,50,64050
20240105,09:21:45,1.2,50,64050
20240105,09:21:46,1.2,50,64050
20240105,09:21:48,1.2,100,64050
20240105,09:21:49,1.2,50,64050
20240105,09:21:50,1.2,50,64050
20240105,09:21:51,1.2,50,64050
20240105,09:21:53,1.2,100,64050
20240105,09:21:54,1.2,50,64050
20240105,09:21:55,1.2,50,64050
20240105,09:21:56,1.2,50,64050
20240105,09:21:58,1.2,250,64050
20240105,09:21:59,1.2,200,64050
20240105,09:22:00,1.2,200,64050
20240105,09:22:01,1.2,7250,64050
20240105,09:22:03,1.25,50,64050
20240105,09:22:04,1.25,50,64050
20240105,09:22:06,1.25,100,64050
20240105,09:22:07,1.25,50,64050
20240105,09:22:08,1.25,50,64050
20240105,09:22:09,1.25,50,64050
20240105,09:22:10,1.25,50,64050
20240105,09:22:11,1.25,50,64050
20240105,09:22:12,1.25,50,64050
20240105,09:22:13,1.25,50,64050
20240105,09:22:14,1.25,50,64050
20240105,09:22:15,1.25,50,64050
20240105,09:22:16,1.25,50,64050
20240105,09:22:18,1.25,100,64050
20240105,09:22:19,1.25,50,64050
20240105,09:22:20,1.25,50,64050
20240105,09:22:21,1.25,50,64050
20240105,09:22:22,1.25,50,64050
20240105,09:22:23,1.25,50,64050
20240105,09:22:24,1.25,50,64050
20240105,09:22:26,1.25,250,64050
20240105,09:22:27,1.25,300,64050
20240105,09:22:28,1.25,300,64050
20240105,09:22:30,1.25,550,64050
20240105,09:22:31,1.2,1800,64050
20240105,09:22:33,1.25,50,64050
20240105,09:22:34,1.25,50,64050
20240105,09:22:35,1.25,50,64050
20240105,09:22:38,1.25,300,64050
20240105,09:22:39,1.2,50,64050
20240105,09:22:40,1.2,1800,64050
20240105,09:22:41,1.25,50,64050
20240105,09:22:42,1.25,50,64050
20240105,09:22:43,1.25,50,64050
20240105,09:22:44,1.25,50,64050
20240105,09:22:45,1.25,50,64050
20240105,09:22:47,1.25,100,64050
20240105,09:22:48,1.25,50,64050
20240105,09:22:49,1.25,50,64050
20240105,09:22:50,1.25,50,64050
20240105,09:22:51,1.25,50,64050
20240105,09:22:52,1.25,50,64050
20240105,09:22:53,1.25,50,64050
20240105,09:22:55,1.25,400,64050
20240105,09:22:56,1.25,200,64050
20240105,09:22:57,1.25,200,64050
20240105,09:22:58,1.25,50,64050
20240105,09:23:00,1.25,100,64050
20240105,09:23:01,1.25,50,64050
20240105,09:23:02,1.25,200,64050
20240105,09:23:03,1.25,550,64050
20240105,09:23:04,1.25,300,64050
20240105,09:23:05,1.25,1850,64050
20240105,09:23:06,1.25,50,64050
20240105,09:23:08,1.25,100,64050
20240105,09:23:09,1.25,50,64050
20240105,09:23:10,1.25,50,64050
20240105,09:23:11,1.25,200,64050
20240105,09:23:12,1.25,200,64050
20240105,09:23:13,1.25,200,64050
20240105,09:23:14,1.25,50,64050
20240105,09:23:15,1.25,50,64050
20240105,09:23:16,1.25,50,77050
20240105,09:23:18,1.25,100,77050
20240105,09:23:19,1.25,50,77050
20240105,09:23:20,1.25,50,77050
20240105,09:23:21,1.25,50,77050
20240105,09:23:22,1.25,200,77050
20240105,09:23:22,1.25,100,77050
20240105,09:23:23,1.25,200,77050
20240105,09:23:24,1.25,200,77050
20240105,09:23:26,1.25,100,77050
20240105,09:23:27,1.25,50,77050
20240105,09:23:28,1.25,1850,77050
20240105,09:23:29,1.25,50,77050
20240105,09:23:30,1.25,50,77050
20240105,09:23:31,1.25,50,77050
20240105,09:23:32,1.25,50,77050
20240105,09:23:34,1.25,100,77050
20240105,09:23:35,1.25,50,77050
20240105,09:23:36,1.25,50,77050
20240105,09:23:37,1.25,50,77050
20240105,09:23:38,1.25,3750,77050
20240105,09:23:40,1.25,600,77050
20240105,09:23:41,1.25,200,77050
20240105,09:23:42,1.25,1800,77050
20240105,09:23:43,1.25,50,77050
20240105,09:23:44,1.25,50,77050
20240105,09:23:45,1.25,50,77050
20240105,09:23:46,1.25,1850,77050
20240105,09:23:47,1.25,50,77050
20240105,09:23:48,1.25,50,77050
20240105,09:23:50,1.25,5100,77050
20240105,09:23:51,1.25,2500,77050
20240105,09:23:52,1.25,1950,77050
20240105,09:23:53,1.3,50,77050
20240105,09:23:54,1.3,200,77050
20240105,09:23:55,1.3,200,77050
20240105,09:23:56,1.3,200,77050
20240105,09:23:59,1.3,50,77050
20240105,09:24:00,1.3,50,77050
20240105,09:24:01,1.3,50,77050
20240105,09:24:02,1.25,300,77050
20240105,09:24:03,1.3,50,77050
20240105,09:24:04,1.3,50,77050
20240105,09:24:05,1.3,50,77050
20240105,09:24:06,1.3,50,77050
20240105,09:24:07,1.3,50,77050
20240105,09:24:08,1.3,50,77050
20240105,09:24:09,1.3,50,77050
20240105,09:24:10,1.3,50,77050
20240105,09:24:11,1.3,50,77050
20240105,09:24:12,1.3,50,77050
20240105,09:24:13,1.3,50,77050
20240105,09:24:14,1.3,50,77050
20240105,09:24:15,1.3,100,77050
20240105,09:24:16,1.25,350,77050
20240105,09:24:17,1.3,50,77050
20240105,09:24:18,1.3,50,77050
20240105,09:24:19,1.3,50,77050
20240105,09:24:20,1.3,50,77050
20240105,09:24:22,1.3,100,77050
20240105,09:24:23,1.3,50,77050
20240105,09:24:24,1.3,50,77050
20240105,09:24:25,1.3,50,77050
20240105,09:24:26,1.3,50,77050
20240105,09:24:27,1.3,50,77050
20240105,09:24:28,1.3,50,77050
20240105,09:24:29,1.3,50,77050
20240105,09:24:30,1.3,50,77050
20240105,09:24:31,1.3,50,77050
20240105,09:24:32,1.3,50,77050
20240105,09:24:33,1.3,50,77050
20240105,09:24:34,1.3,50,77050
20240105,09:24:35,1.3,50,77050
20240105,09:24:37,1.3,250,77050
20240105,09:24:38,1.25,7150,77050
20240105,09:24:39,1.25,200,77050
20240105,09:24:44,1.25,50,77050
20240105,09:24:45,1.25,50,77050
20240105,09:24:46,1.25,50,77050
20240105,09:24:48,1.25,50,77050
20240105,09:24:51,1.25,50,77050
20240105,09:24:57,1.25,50,77050
20240105,09:24:58,1.25,50,77050
20240105,09:24:59,1.25,50,77050
20240105,09:25:01,1.25,100,77050
20240105,09:25:02,1.3,28600,77050
20240105,09:25:03,1.3,2100,77050
20240105,09:25:04,1.3,8350,77050
20240105,09:25:05,1.3,50,77050
20240105,09:25:06,1.35,11750,77050
20240105,09:25:07,1.35,1550,77050
20240105,09:25:08,1.35,17150,77050
20240105,09:25:09,1.35,200,77050
20240105,09:25:10,1.35,250,77050
20240105,09:25:11,1.35,50,77050
20240105,09:25:12,1.35,1550,77050
20240105,09:25:13,1.35,50,77050
20240105,09:25:14,1.35,50,77050
20240105,09:25:15,1.35,50,77050
20240105,09:25:17,1.35,400,77050
20240105,09:25:18,1.35,200,77050
20240105,09:25:21,1.35,50,77050
20240105,09:25:27,1.35,50,77050
20240105,09:25:28,1.35,50,77050
20240105,09:25:37,1.3,1150,77050
20240105,09:25:37,1.3,1800,77050
20240105,09:25:38,1.3,1000,77050
20240105,09:25:40,1.3,1850,77050
20240105,09:25:41,1.3,3300,77050
20240105,09:25:42,1.3,100,77050
20240105,09:25:43,1.35,50,77050
20240105,09:25:45,1.35,50,77050
20240105,09:25:46,1.35,50,77050
20240105,09:25:48,1.3,1200,77050
20240105,09:25:50,1.35,50,77050
20240105,09:25:51,1.35,50,77050
20240105,09:25:52,1.35,50,77050
20240105,09:25:53,1.35,50,77050
20240105,09:25:54,1.3,6350,77050
20240105,09:25:56,1.3,100,77050
20240105,09:25:57,1.3,50,77050
20240105,09:25:58,1.35,5050,77050
20240105,09:25:59,1.35,50,77050
20240105,09:26:00,1.3,12300,77050
20240105,09:26:01,1.35,700,77050
20240105,09:26:02,1.35,250,77050
20240105,09:26:03,1.35,50,77050
20240105,09:26:04,1.35,50,77050
20240105,09:26:05,1.3,1850,77050
20240105,09:26:06,1.35,3350,77050
20240105,09:26:07,1.35,50,77050
20240105,09:26:08,1.35,50,77050
20240105,09:26:09,1.35,950,77050
20240105,09:26:10,1.35,50,77050
20240105,09:26:11,1.35,50,77050
20240105,09:26:12,1.35,50,77050
20240105,09:26:13,1.35,50,77050
20240105,09:26:14,1.35,50,77050
20240105,09:26:15,1.35,50,77050
20240105,09:26:16,1.3,1900,77050
20240105,09:26:17,1.35,50,104650
20240105,09:26:18,1.35,50,104650
20240105,09:26:19,1.35,50,104650
20240105,09:26:35,1.3,4050,104650
20240105,09:26:37,1.3,50,104650
20240105,09:26:38,1.25,200,104650
20240105,09:26:41,1.25,200,104650
20240105,09:26:50,1.25,700,104650
20240105,09:27:16,1.3,50,104650
20240105,09:27:32,1.3,150,104650
20240105,09:27:41,1.3,50,104650
20240105,09:27:49,1.3,2650,104650
20240105,09:28:03,1.3,100,104650
20240105,09:28:04,1.3,450,104650
20240105,09:28:05,1.3,150,104650
20240105,09:28:12,1.3,100,104650
20240105,09:28:13,1.25,9900,104650
20240105,09:28:15,1.25,2400,104650
20240105,09:28:16,1.2,250,104650
20240105,09:28:17,1.25,50,104650
20240105,09:28:18,1.25,9950,104650
20240105,09:28:23,1.25,250,104650
20240105,09:28:44,1.25,1750,104650
20240105,09:28:54,1.25,2100,104650
20240105,09:30:08,1.25,50,102750
20240105,09:30:37,1.25,150,102750
20240105,09:31:04,1.25,200,102750
20240105,09:31:05,1.25,50,102750
20240105,09:31:05,1.25,450,102750
20240105,09:31:06,1.25,600,102750
20240105,09:31:07,1.25,350,102750
20240105,09:31:09,1.25,150,102750
20240105,09:31:09,1.25,100,102750
20240105,09:31:11,1.2,250,102750
20240105,09:31:12,1.2,8800,102750
20240105,09:31:37,1.2,50,102750
20240105,09:32:06,1.2,500,102750
20240105,09:32:07,1.2,200,102750
20240105,09:32:08,1.2,200,102750
20240105,09:32:34,1.2,50,104450
20240105,09:33:04,1.2,150,104450
20240105,09:33:04,1.2,100,104450
20240105,09:33:05,1.2,250,104450
20240105,09:33:06,1.2,300,104450
20240105,09:33:07,1.2,200,104450
20240105,09:33:08,1.2,8800,104450
20240105,09:33:09,1.2,100,104450
20240105,09:33:11,1.2,100,104450
20240105,09:33:37,1.15,3000,104450
20240105,09:33:38,1.15,3050,104450
20240105,09:33:39,1.15,3000,104450
20240105,09:33:39,1.15,1000,104450
20240105,09:33:56,1.15,10750,104450
20240105,09:33:57,1.1,500,104450
20240105,09:33:58,1.15,250,104450
20240105,09:34:03,1.1,50,104450
20240105,09:34:04,1.15,50,104450
20240105,09:34:05,1.15,100,104450
20240105,09:34:10,1.15,600,104450
20240105,09:34:12,1.15,1500,104450
20240105,09:34:14,1.15,2300,104450
20240105,09:34:16,1.15,100,104450
20240105,09:34:19,1.15,1500,104450
20240105,09:34:20,1.15,13600,104450
20240105,09:34:20,1.15,3800,104450
20240105,09:34:21,1.1,550,104450
20240105,09:34:23,1.1,100,104450
20240105,09:34:24,1.1,50,104450
20240105,09:34:25,1.1,50,104450
20240105,09:34:26,1.1,50,104450
20240105,09:34:27,1.1,50,104450
20240105,09:34:28,1.1,200,104450
20240105,09:34:29,1.1,200,104450
20240105,09:34:31,1.1,200,104450
20240105,09:34:33,1.1,50,104450
20240105,09:34:34,1.1,50,104450
20240105,09:34:35,1.1,50,104450
20240105,09:34:37,1.1,100,104450
20240105,09:34:38,1.15,150,104450
20240105,09:34:39,1.1,50,104450
20240105,09:34:40,1.1,50,104450
20240105,09:34:41,1.1,50,104450
20240105,09:34:42,1.1,50,104450
20240105,09:34:44,1.1,100,104450
20240105,09:35:03,1.15,50,104450
20240105,09:35:04,1.15,1200,104450
20240105,09:35:06,1.15,450,104450
20240105,09:35:07,1.15,400,104450
20240105,09:35:10,1.15,900,104450
20240105,09:35:17,1.15,1500,109750
20240105,09:36:25,1.15,1500,109750
20240105,09:36:27,1.15,1500,109750
20240105,09:36:45,1.1,50,109750
20240105,09:36:48,1.15,500,109750
20240105,09:37:05,1.15,50,109750
20240105,09:37:15,1.15,50,109750
20240105,09:37:53,1.1,500,109750
20240105,09:38:17,1.15,450,109750
20240105,09:38:56,1.1,1650,107950
20240105,09:38:59,1.15,100,107950
20240105,09:40:07,1.15,100,107950
20240105,09:40:08,1.15,50,107950
20240105,09:40:09,1.15,50,107950
20240105,09:40:34,1.1,300,107950
20240105,09:40:35,1.1,1200,107950
20240105,09:40:36,1.1,1500,107950
20240105,09:40:37,1.1,1500,107950
20240105,09:40:38,1.1,1400,107950
20240105,09:40:39,1.1,800,107950
20240105,09:40:40,1.1,1300,107950
20240105,09:40:41,1.1,1500,107950
20240105,09:40:42,1.1,500,107950
20240105,09:41:44,1.15,150,107950
20240105,09:41:45,1.1,950,113500
20240105,09:41:50,1.1,1800,113500
20240105,09:42:10,1.15,50,113500
20240105,09:42:12,1.1,150,113500
20240105,09:42:12,1.1,3650,113500
20240105,09:42:13,1.1,4600,113500
20240105,09:43:06,1.1,2000,113500
20240105,09:43:07,1.1,2000,113500
20240105,09:43:16,1.1,250,113500
20240105,09:43:18,1.1,600,113500
20240105,09:43:19,1.1,1000,113500
20240105,09:43:20,1.1,3150,113500
20240105,09:43:53,1.1,1600,113500
20240105,09:43:56,1.05,500,113500
20240105,09:44:30,1.1,50,113500
20240105,09:44:40,1.1,50,121100
20240105,09:45:05,1.1,100,121100
20240105,09:45:24,1.1,50,121100
20240105,09:45:25,1.1,50,121100
20240105,09:45:26,1.1,100,121100
20240105,09:45:35,1.1,50,121100
20240105,09:45:36,1.1,50,121100
20240105,09:45:37,1.1,50,121100
20240105,09:45:38,1.1,50,121100
20240105,09:45:39,1.1,1850,121100
20240105,09:45:41,1.1,100,121100
20240105,09:45:42,1.1,50,121100
20240105,09:45:43,1.1,50,121100
20240105,09:45:44,1.1,50,121100
20240105,09:45:45,1.1,50,121100
20240105,09:45:46,1.1,50,121100
20240105,09:45:54,1.1,50,121100
20240105,09:45:56,1.1,50,121100
20240105,09:45:58,1.1,3050,121100
20240105,09:46:03,1.1,1850,121100
20240105,09:46:04,1.1,50,121100
20240105,09:46:05,1.1,16750,121100
20240105,09:46:09,1.1,800,121100
20240105,09:46:11,1.1,2450,121100
20240105,09:46:15,1.15,50,121100
20240105,09:46:26,1.15,50,121100
20240105,09:46:39,1.15,50,121100
20240105,09:46:45,1.15,50,121100
20240105,09:46:47,1.1,300,121100
20240105,09:46:55,1.15,50,121100
20240105,09:46:58,1.15,50,121100
20240105,09:47:00,1.15,50,121100
20240105,09:47:01,1.15,50,121100
20240105,09:47:03,1.15,50,121100
20240105,09:47:08,1.15,150,121100
20240105,09:47:10,1.1,500,121100
20240105,09:47:11,1.15,50,121100
20240105,09:47:12,1.15,50,121100
20240105,09:47:13,1.15,50,121100
20240105,09:47:14,1.15,50,121100
20240105,09:47:15,1.15,50,121100
20240105,09:47:16,1.15,50,121100
20240105,09:47:17,1.15,50,121100
20240105,09:47:18,1.15,50,121100
20240105,09:47:19,1.15,50,123700
20240105,09:47:21,1.15,100,123700
20240105,09:47:22,1.15,100,123700
20240105,09:47:23,1.15,150,123700
20240105,09:47:24,1.15,150,123700
20240105,09:47:27,1.15,50,123700
20240105,09:47:28,1.15,50,123700
20240105,09:47:29,1.15,50,123700
20240105,09:47:30,1.15,50,123700
20240105,09:47:31,1.15,50,123700
20240105,09:47:33,1.15,50,123700
20240105,09:47:35,1.15,50,123700
20240105,09:47:36,1.15,50,123700
20240105,09:47:38,1.15,50,123700
20240105,09:47:42,1.15,50,123700
20240105,09:47:45,1.15,50,123700
20240105,09:47:46,1.15,50,123700
20240105,09:48:14,1.1,1600,123700
20240105,09:48:16,1.15,50,123700
20240105,09:48:19,1.1,5500,123700
20240105,09:48:36,1.1,50,123700
20240105,09:48:45,1.1,1800,123700
20240105,09:48:47,1.1,1800,123700
20240105,09:48:48,1.1,1800,123700
20240105,09:48:49,1.1,16750,123700
20240105,09:48:51,1.1,7050,123700
20240105,09:52:27,1.1,50,123700
20240105,09:52:28,1.1,50,133600
20240105,09:52:30,1.1,50,133600
20240105,09:52:32,1.1,50,133600
20240105,09:52:33,1.1,50,133600
20240105,09:52:35,1.1,50,133600
20240105,09:52:37,1.1,50,133600
20240105,09:52:39,1.1,50,133600
20240105,09:52:42,1.1,50,133600
20240105,09:52:43,1.1,50,133600
20240105,09:52:45,1.1,50,133600
20240105,09:53:09,1.1,50,133600
20240105,09:53:17,1.05,10800,133600
20240105,09:53:17,1.05,74100,133600
20240105,09:53:20,1.05,4750,133600
20240105,09:53:21,1.05,4700,133600
20240105,09:53:25,1.05,3700,189150
20240105,09:53:38,1.05,100,189150
20240105,09:53:39,1.05,350,189150
20240105,09:53:40,1.05,3900,189150
20240105,09:53:41,1.05,100,189150
20240105,09:53:42,1.05,250,189150
20240105,09:53:53,1.05,50,189150
20240105,09:54:00,1.05,100,189150
20240105,09:54:16,1.05,50,189150
20240105,09:54:22,1.05,50,189150
20240105,09:55:01,1.05,4750,189150
20240105,09:55:03,1.05,6150,189150
20240105,09:55:03,1.05,500,189150
20240105,09:55:04,1.05,750,189150
20240105,09:55:05,1.05,3800,189150
20240105,09:55:06,1.05,500,189150
20240105,09:55:08,1.05,500,189150
20240105,09:55:09,1.05,900,189150
20240105,09:55:09,1.05,100,189150
20240105,09:55:10,1.05,3350,189150
20240105,09:55:11,1.05,1050,189150
20240105,09:55:13,1.05,1500,189150
20240105,09:55:22,1.05,750,189150
20240105,09:55:23,1.05,1950,189150
20240105,09:55:24,1.05,2800,189150
20240105,09:55:25,1.05,4750,189150
20240105,09:55:27,1.05,1350,189150
20240105,09:55:28,1.05,1600,189150
20240105,09:55:34,1.05,4400,189150
20240105,09:56:00,1.05,50,189150
20240105,09:56:14,1.05,50,189150
20240105,09:56:36,1.0,21450,246750
20240105,09:56:37,1.0,19400,246750
20240105,09:57:05,1.0,50,246750
20240105,09:57:07,1.05,50,246750
20240105,09:57:08,1.05,150,246750
20240105,09:57:10,1.05,50,246750
20240105,09:57:11,1.05,50,246750
20240105,09:57:12,1.05,100,246750
20240105,09:57:13,1.05,50,246750
20240105,09:57:14,1.05,100,246750
20240105,09:57:15,1.05,100,246750
20240105,09:57:16,1.05,50,246750
20240105,09:57:18,1.05,100,246750
20240105,09:57:19,1.05,100,246750
20240105,09:57:20,1.05,50,246750
20240105,09:57:22,1.05,100,246750
20240105,09:57:23,1.05,50,246750
20240105,09:57:24,1.05,100,246750
20240105,09:57:25,1.05,50,246750
20240105,09:57:26,1.05,100,246750
20240105,09:57:27,1.05,50,246750
20240105,09:57:28,1.05,100,246750
20240105,09:57:29,1.05,100,246750
20240105,09:57:30,1.05,50,246750
20240105,09:57:31,1.05,50,246750
20240105,09:57:32,1.05,50,246750
20240105,09:57:33,1.05,50,246750
20240105,09:57:34,1.05,50,246750
20240105,09:57:35,1.05,50,246750
20240105,09:57:36,1.05,50,246750
20240105,09:57:37,1.05,50,246750
20240105,09:57:39,1.05,50,246750
20240105,09:57:40,1.05,50,246750
20240105,09:57:41,1.05,100,246750
20240105,09:58:02,1.05,50,246750
20240105,09:58:03,1.05,250,246750
20240105,09:58:04,1.05,100,246750
20240105,09:58:05,1.05,450,246750
20240105,09:58:06,1.05,300,246750
20240105,09:58:07,1.05,100,246750
20240105,09:58:09,1.05,200,246750
20240105,09:58:19,1.05,50,246750
20240105,09:58:20,1.05,50,246750
20240105,09:58:22,1.05,100,246750
20240105,09:58:23,1.05,50,246750
20240105,09:58:24,1.05,100,246750
20240105,09:58:25,1.05,50,246750
20240105,09:58:26,1.05,50,246750
20240105,09:58:27,1.05,50,246750
20240105,09:58:28,1.05,50,246750
20240105,09:58:29,1.05,50,246750
20240105,09:58:30,1.05,50,246750
20240105,09:58:31,1.05,50,246750
20240105,09:58:32,1.0,300,246750
20240105,09:58:33,1.05,100,246750
20240105,09:58:34,1.05,50,246750
20240105,09:58:35,1.05,50,246750
20240105,09:58:36,1.05,50,246750
20240105,09:58:37,1.05,50,246750
20240105,09:58:38,1.05,50,246750
20240105,09:58:39,1.05,50,246750
20240105,09:58:40,1.05,50,246750
20240105,09:58:41,1.05,50,246750
20240105,09:58:42,1.05,50,246750
20240105,09:58:43,1.05,100,246750
20240105,09:58:44,1.05,50,246750
20240105,09:58:45,1.05,50,246750
20240105,09:58:46,1.05,50,246750
20240105,09:58:47,1.05,50,246750
20240105,09:58:48,1.05,50,246750
20240105,09:58:49,1.05,50,246750
20240105,09:58:50,1.05,50,246750
20240105,09:58:51,1.05,50,246750
20240105,09:58:52,1.05,50,246750
20240105,09:58:53,1.05,50,246750
20240105,09:58:54,1.05,50,246750
20240105,09:58:56,1.05,50,246750
20240105,09:58:58,1.05,50,246750
20240105,09:58:59,1.05,50,246750
20240105,09:59:00,1.05,50,246750
20240105,09:59:01,1.05,50,246750
20240105,09:59:02,1.05,50,246750
20240105,09:59:03,1.05,100,246750
20240105,09:59:03,1.05,150,246750
20240105,09:59:04,1.05,250,246750
20240105,09:59:05,1.05,300,246750
20240105,09:59:07,1.05,50,246750
20240105,09:59:08,1.05,100,246750
20240105,09:59:09,1.05,150,246750
20240105,09:59:12,1.0,250,246750
20240105,09:59:59,1.05,50,221800
20240105,10:00:00,1.05,50,221800
20240105,10:00:01,1.05,50,221800
20240105,10:00:02,1.05,50,221800
20240105,10:00:03,1.05,100,221800
20240105,10:00:04,1.05,200,221800
20240105,10:00:05,1.05,50,221800
20240105,10:00:06,1.05,50,221800
20240105,10:00:07,1.05,50,221800
20240105,10:00:08,1.05,200,221800
20240105,10:00:09,1.05,150,221800
20240105,10:00:10,1.05,50,221800
20240105,10:00:11,1.05,50,221800
20240105,10:00:12,1.05,100,221800
20240105,10:00:13,1.05,50,221800
20240105,10:00:14,1.05,50,221800
20240105,10:00:15,1.05,50,221800
20240105,10:00:16,1.05,50,221800
20240105,10:00:17,1.05,50,221800
20240105,10:00:18,1.05,100,221800
20240105,10:00:19,1.05,50,221800
20240105,10:00:20,1.05,50,221800
20240105,10:00:21,1.05,50,221800
20240105,10:00:22,1.05,50,221800
20240105,10:00:23,1.05,100,221800
20240105,10:00:24,1.05,50,221800
20240105,10:00:25,1.05,50,221800
20240105,10:00:26,1.05,50,221800
20240105,10:00:27,1.05,100,221800
20240105,10:00:28,1.05,50,221800
20240105,10:00:29,1.05,50,221800
20240105,10:00:30,1.05,50,221800
20240105,10:00:36,1.0,28100,221800
20240105,10:00:47,1.0,150,221800
20240105,10:01:02,1.0,50,221800
20240105,10:01:03,1.0,100,221800
20240105,10:01:04,1.0,100,221800
20240105,10:01:05,1.0,650,221800
20240105,10:01:06,1.0,250,221800
20240105,10:01:07,1.0,500,221800
20240105,10:01:08,1.0,150,221800
20240105,10:01:09,1.0,50,221800
20240105,10:01:25,1.0,50,221800
20240105,10:02:04,1.0,300,221800
20240105,10:02:05,1.0,100,221800
20240105,10:02:06,1.0,300,221800
20240105,10:02:07,0.95,250,221800
20240105,10:02:08,0.95,100,221800
20240105,10:02:09,1.0,100,221800
20240105,10:02:13,1.0,50,221800
20240105,10:02:26,1.0,250,204850
20240105,10:02:29,1.0,50,204850
20240105,10:02:55,1.0,50,204850
20240105,10:02:56,1.0,150,204850
20240105,10:03:03,1.0,100,204850
20240105,10:03:04,1.0,150,204850
20240105,10:03:05,1.0,250,204850
20240105,10:03:06,1.0,350,204850
20240105,10:03:07,1.0,100,204850
20240105,10:03:08,1.0,300,204850
20240105,10:03:09,1.0,350,204850
20240105,10:03:36,1.0,50,204850
20240105,10:04:14,1.0,100,204850
20240105,10:04:15,1.0,100,204850
20240105,10:04:54,1.0,50,204850
20240105,10:05:01,1.0,200,204850
20240105,10:05:02,1.0,1100,204850
20240105,10:05:03,1.0,200,204850
20240105,10:05:04,1.0,2100,204850
20240105,10:05:05,1.0,2950,204850
20240105,10:05:06,1.0,1550,204850
20240105,10:05:07,1.0,400,204850
20240105,10:05:08,1.0,500,204850
20240105,10:05:09,1.0,450,204850
20240105,10:05:10,1.0,500,204850
20240105,10:05:39,0.95,50,207050
20240105,10:05:40,0.95,300,207050
20240105,10:06:09,1.0,50,207050
20240105,10:06:31,0.95,500,207050
20240105,10:06:33,1.0,100,207050
20240105,10:06:53,0.95,50,207050
20240105,10:06:58,1.0,300,207050
20240105,10:07:38,0.95,150,207050
20240105,10:07:39,0.95,50,207050
20240105,10:07:56,0.95,300,207050
20240105,10:09:45,1.0,50,208250
20240105,10:10:02,1.0,50,208250
20240105,10:10:03,1.0,50,208250
20240105,10:10:08,1.0,100,208250
20240105,10:10:10,1.0,50,208250
20240105,10:11:34,1.0,50,208550
20240105,10:11:52,1.0,150,208550
20240105,10:12:50,1.0,1200,208550
20240105,10:13:08,1.0,50,208550
20240105,10:13:35,1.0,50,208550
20240105,10:13:42,0.95,50,208550
20240105,10:13:51,1.0,50,208550
20240105,10:13:59,1.0,50,208550
20240105,10:14:04,1.0,50,208550
20240105,10:14:06,0.95,250,208550
20240105,10:14:49,1.0,50,208550
20240105,10:15:06,1.0,50,210450
20240105,10:15:10,1.0,50,210450
20240105,10:15:11,1.0,50,210450
20240105,10:15:35,1.0,50,210450
20240105,10:15:43,1.0,100,210450
20240105,10:16:20,1.0,50,210450
20240105,10:16:44,0.95,50,210450
20240105,10:17:22,1.0,500,210450
20240105,10:17:31,1.0,50,211350
20240105,10:17:32,1.0,50,211350
20240105,10:18:10,0.95,500,211350
20240105,10:18:17,1.0,50,211350
20240105,10:18:41,1.0,50,211350
20240105,10:19:00,1.0,50,211350
20240105,10:19:01,1.0,50,211350
20240105,10:19:02,1.0,800,211350
20240105,10:19:03,1.0,1250,211350
20240105,10:19:04,1.0,800,211350
20240105,10:19:05,1.0,900,211350
20240105,10:19:06,1.0,1250,211350
20240105,10:19:07,1.0,1050,211350
20240105,10:19:08,1.0,350,211350
20240105,10:19:15,1.0,50,211350
20240105,10:19:38,1.0,50,211350
20240105,10:19:57,1.0,50,211350
20240105,10:20:01,1.0,600,211350
20240105,10:20:05,1.0,200,211350
20240105,10:20:08,0.95,550,211350
20240105,10:20:13,0.95,300,211350
20240105,10:20:14,1.0,150,211350
20240105,10:21:08,1.0,150,218150
20240105,10:22:04,0.95,100,218150
20240105,10:22:05,0.95,50,218150
20240105,10:22:07,0.95,50,218150
20240105,10:23:14,1.0,50,218150
20240105,10:24:30,1.0,300,218150
20240105,10:24:37,0.95,2050,218400
20240105,10:25:03,1.0,200,218400
20240105,10:25:04,1.0,400,218400
20240105,10:25:05,1.0,550,218400
20240105,10:25:06,1.0,1200,218400
20240105,10:25:07,1.0,400,218400
20240105,10:25:08,1.0,200,218400
20240105,10:25:09,1.0,1100,218400
20240105,10:25:10,1.0,200,218400
20240105,10:26:19,0.95,250,218400
20240105,10:27:03,1.0,50,218400
20240105,10:27:05,1.0,100,222850
20240105,10:27:08,1.0,50,222850
20240105,10:27:32,1.0,200,222850
20240105,10:28:03,1.0,100,222850
20240105,10:28:03,1.0,250,222850
20240105,10:28:04,1.0,100,222850
20240105,10:28:05,1.0,650,222850
20240105,10:28:06,1.0,150,222850
20240105,10:28:07,1.0,100,222850
20240105,10:28:08,1.0,200,222850
20240105,10:28:09,1.0,200,222850
20240105,10:28:49,0.95,350,222850
20240105,10:29:03,1.0,100,222850
20240105,10:29:05,1.0,150,222850
20240105,10:29:05,1.0,100,222850
20240105,10:29:06,1.0,50,222850
20240105,10:29:07,1.0,200,222850
20240105,10:29:08,1.0,550,222850
20240105,10:29:09,1.0,100,222850
20240105,10:29:30,0.95,250,226200
20240105,10:29:34,0.95,250,226200
20240105,10:30:03,1.0,50,226200
20240105,10:30:04,1.0,50,226200
20240105,10:30:05,1.0,50,226200
20240105,10:30:06,1.0,150,226200
20240105,10:30:08,1.0,50,226200
20240105,10:30:57,1.0,50,226200
20240105,10:31:03,1.0,300,226200
20240105,10:31:04,1.0,100,226200
20240105,10:31:05,1.0,100,226200
20240105,10:31:06,1.0,150,226200
20240105,10:31:07,1.0,450,226200
20240105,10:31:08,1.0,200,226200
20240105,10:31:09,1.0,250,226200
20240105,10:31:10,1.0,100,226200
20240105,10:31:11,0.95,50,226200
20240105,10:31:12,1.0,100,226200
20240105,10:31:43,0.95,50,226200
20240105,10:32:03,1.0,100,226200
20240105,10:32:04,1.0,100,226200
20240105,10:32:05,1.0,100,226200
20240105,10:32:06,1.0,100,226200
20240105,10:32:08,1.0,400,226200
20240105,10:32:09,1.0,100,226200
20240105,10:32:15,1.0,50,226200
20240105,10:32:27,1.0,50,226200
20240105,10:32:31,1.0,750,229950
20240105,10:33:03,1.0,100,229950
20240105,10:33:04,1.0,300,229950
20240105,10:33:05,1.0,50,229950
20240105,10:33:06,1.0,200,229950
20240105,10:33:07,1.0,250,229950
20240105,10:33:08,1.0,350,229950
20240105,10:33:09,1.0,100,229950
20240105,10:33:10,1.0,250,229950
20240105,10:34:02,1.0,50,229950
20240105,10:34:11,1.0,100,229950
20240105,10:34:16,1.0,100,229950
20240105,10:34:25,1.0,50,229950
20240105,10:34:32,1.0,50,229950
20240105,10:34:48,0.95,250,229950
20240105,10:35:00,0.95,250,229950
20240105,10:35:01,1.0,300,229950
20240105,10:35:02,1.0,250,229950
20240105,10:35:03,1.0,200,229950
20240105,10:35:04,1.0,1050,229950
20240105,10:35:05,1.0,2950,229950
20240105,10:35:06,1.0,300,229950
20240105,10:35:07,1.0,1000,229950
20240105,10:35:08,1.0,1700,229950
20240105,10:35:09,1.0,10550,229950
20240105,10:35:10,1.0,550,229950
20240105,10:35:11,1.0,50,229950
20240105,10:35:14,1.0,50,229950
20240105,10:35:16,0.95,50,229950
20240105,10:35:28,0.95,450,243000
20240105,10:35:29,1.0,50,243000
20240105,10:35:48,1.0,50,243000
20240105,10:35:51,0.95,250,243000
20240105,10:36:02,1.0,350,243000
20240105,10:36:16,1.0,50,243000
20240105,10:36:53,1.0,4000,243000
20240105,10:37:05,1.0,50,243000
20240105,10:37:16,0.95,50,243000
20240105,10:37:20,1.0,50,243000
20240105,10:37:22,0.95,50,243000
20240105,10:37:23,0.95,50,243000
20240105,10:37:24,0.95,50,243000
20240105,10:37:25,0.95,100,243000
20240105,10:37:26,0.95,50,243000
20240105,10:37:27,0.95,50,243000
20240105,10:37:28,0.95,50,243000
20240105,10:37:29,0.95,50,243000
20240105,10:37:30,0.95,50,243000
20240105,10:37:31,1.0,100,243000
20240105,10:37:32,0.95,50,243000
20240105,10:37:33,0.95,50,243000
20240105,10:37:34,0.95,50,243000
20240105,10:37:35,0.95,50,243000
20240105,10:37:36,0.95,50,243000
20240105,10:37:37,0.95,50,243000
20240105,10:37:39,0.95,50,243000
20240105,10:37:41,1.0,100,243000
20240105,10:37:45,0.95,50,243000
20240105,10:37:46,0.95,50,243000
20240105,10:37:49,0.95,50,243000
20240105,10:37:50,0.95,50,243000
20240105,10:37:51,0.95,50,243000
20240105,10:37:52,0.95,50,243000
20240105,10:37:53,0.95,50,243000
20240105,10:37:55,0.95,50,243000
20240105,10:37:56,0.95,50,243000
20240105,10:37:57,0.95,50,243000
20240105,10:37:58,0.95,50,243000
20240105,10:37:59,0.95,50,243000
20240105,10:38:00,0.95,50,243000
20240105,10:38:01,0.95,50,243000
20240105,10:38:02,0.95,50,243000
20240105,10:38:03,0.95,1700,243000
20240105,10:38:04,0.95,50,243000
20240105,10:38:05,0.95,50,243000
20240105,10:38:06,0.95,50,243000
20240105,10:38:07,0.95,50,243000
20240105,10:38:09,0.95,50,243000
20240105,10:38:10,1.0,1750,243000
20240105,10:38:11,0.95,50,243000
20240105,10:38:12,0.95,100,243000
20240105,10:38:13,0.95,50,243000
20240105,10:38:14,0.95,50,243000
20240105,10:38:15,0.95,50,243000
20240105,10:38:16,0.95,50,243000
20240105,10:38:17,0.95,50,243000
20240105,10:38:18,0.95,50,243000
20240105,10:38:19,0.95,1850,243000
20240105,10:38:20,0.95,550,243000
20240105,10:38:21,0.95,50,243000
20240105,10:38:23,0.95,50,243000
20240105,10:38:24,0.95,50,243000
20240105,10:38:25,0.95,50,243000
20240105,10:38:27,0.95,50,254200
20240105,10:38:28,0.95,50,254200
20240105,10:38:29,0.95,50,254200
20240105,10:38:30,0.95,50,254200
20240105,10:38:31,0.95,50,254200
20240105,10:38:32,0.95,50,254200
20240105,10:38:33,0.95,50,254200
20240105,10:38:35,0.95,50,254200
20240105,10:38:36,0.95,50,254200
20240105,10:38:37,0.95,50,254200
20240105,10:38:38,0.95,50,254200
20240105,10:38:39,0.95,150,254200
20240105,10:38:40,0.95,50,254200
20240105,10:38:41,0.95,50,254200
20240105,10:38:42,0.95,50,254200
20240105,10:38:43,0.95,50,254200
20240105,10:38:45,0.95,50,254200
20240105,10:38:48,0.95,50,254200
20240105,10:38:49,0.95,50,254200
20240105,10:38:50,0.95,50,254200
20240105,10:38:51,0.95,50,254200
20240105,10:38:52,0.95,50,254200
20240105,10:38:53,0.95,50,254200
20240105,10:38:54,0.95,50,254200
20240105,10:38:55,0.95,2650,254200
20240105,10:38:56,0.95,50,254200
20240105,10:38:57,0.95,50,254200
20240105,10:38:58,0.95,50,254200
20240105,10:38:59,0.95,50,254200
20240105,10:39:00,0.95,50,254200
20240105,10:39:01,0.95,50,254200
20240105,10:39:02,0.95,200,254200
20240105,10:39:03,0.95,200,254200
20240105,10:39:11,0.95,50,254200
20240105,10:39:12,0.95,50,254200
20240105,10:39:13,0.95,50,254200
20240105,10:39:14,0.95,50,254200
20240105,10:39:15,0.95,50,254200
