date,time,tick_price,volume,open_interest
20231222,14:46:57,3000.0,50,50
20231222,14:48:24,3000.0,100,50
20231222,14:48:48,3000.0,50,50
20231222,14:49:39,3000.0,300,50
20231222,14:50:21,3000.0,250,50
20231222,14:51:35,3000.0,300,750
20231222,14:52:06,3000.0,300,750
20231222,14:52:54,3000.0,300,750
20231222,14:53:36,3000.0,300,750
20231222,14:55:05,3000.0,150,1950
20231222,14:55:23,3000.0,100,1950
20231222,14:55:32,3000.0,50,1950
20231222,14:55:50,3000.0,50,1950
20231226,14:11:49,3000.2,1,2300
20231226,14:11:49,3000.2,50,2300
20231226,14:34:36,3000.2,50,2350
20231226,15:02:13,3050.0,50,2400
20231226,15:16:38,3050.0,50,2450
20231226,15:16:56,3000.0,50,2450
20231226,15:25:27,3000.0,50,2550
20231227,09:34:14,2900.0,1,2600
20231227,09:34:14,3096.7,150,2600
20231227,09:52:23,2900.0,100,2700
20231227,09:53:49,2900.0,50,2700
20231227,09:54:14,2940.0,100,2850
20231227,09:55:08,2900.0,150,2850
20231227,09:55:27,2900.0,150,2850
20231227,09:56:44,2900.0,100,2850
20231227,09:59:42,2920.0,50,3350
20231227,10:01:38,2900.0,150,3400
20231227,10:02:22,2912.25,50,3400
20231227,10:07:17,2925.5,50,3600
20231227,10:08:12,2924.7,100,3600
20231227,10:08:30,2917.7,50,3600
20231227,10:17:30,2926.7,50,3650
20231227,10:18:29,2922.4,50,3700
20231227,10:18:37,2922.1,50,3700
20231227,10:24:46,2932.05,50,3800
20231227,10:25:02,2927.25,50,3800
20231227,10:25:11,2927.2,50,3800
20231227,10:25:20,2922.05,50,3800
20231227,10:27:00,2921.7,200,3850
20231227,10:27:11,2917.7,250,3850
20231227,10:28:07,2905.0,100,3850
20231227,10:28:16,2905.0,50,3850
20231227,10:28:43,2905.0,50,3850
20231227,10:29:29,2897.1,50,3850
20231227,10:29:56,2890.0,550,4250
20231227,10:30:05,2890.0,900,4250
20231227,10:31:01,2882.7,200,4250
20231227,10:31:45,2884.35,50,4250
20231227,10:31:54,2885.0,50,4250
20231227,10:32:10,2897.1,50,4250
20231227,10:32:20,2897.1,200,4250
20231227,10:32:37,2895.0,200,4250
20231227,10:33:01,2885.0,400,6450
20231227,10:33:17,2890.0,1100,6450
20231227,10:35:46,2897.1,50,6450
20231227,10:42:52,2920.2,150,8000
20231227,10:43:08,2920.15,50,8000
20231227,10:43:16,2931.0,50,8000
20231227,10:44:46,2921.4,50,8000
20231227,10:45:57,2918.3,50,8050
20231227,10:46:12,2916.0,300,8050
20231227,10:46:20,2918.0,50,8050
20231227,10:47:20,2926.1,150,8050
20231227,10:49:08,2916.1,50,8250
20231227,10:49:09,2912.25,150,8250
20231227,10:49:10,2911.95,50,8250
20231227,10:49:11,2911.75,50,8250
20231227,10:49:47,2910.95,100,8250
20231227,10:50:04,2906.0,300,8250
20231227,10:50:13,2906.0,50,8250
20231227,10:50:22,2917.75,100,8250
20231227,10:50:30,2909.7,100,8250
20231227,10:50:54,2904.7,100,8250
20231227,10:53:44,2917.0,50,9100
20231227,10:55:20,2902.55,100,9150
20231227,10:55:36,2910.0,50,9150
20231227,10:55:37,2908.85,50,9150
20231227,10:55:39,2908.85,100,9150
20231227,10:55:40,2908.9,100,9150
20231227,10:55:47,2912.75,50,9150
20231227,10:55:49,2912.75,50,9150
20231227,10:56:00,2910.0,50,9150
20231227,10:56:03,2910.0,50,9150
20231227,10:56:04,2910.0,50,9150
20231227,10:56:07,2910.0,50,9150
20231227,10:56:08,2909.75,50,9150
20231227,10:56:09,2907.95,50,9150
20231227,10:56:10,2908.0,200,9150
20231227,10:56:11,2910.0,50,9150
20231227,10:56:14,2910.0,50,9150
20231227,10:56:15,2910.0,50,9150
20231227,10:56:17,2910.0,50,9150
20231227,10:56:19,2909.5,50,9150
20231227,10:56:21,2909.5,50,9150
20231227,10:56:24,2909.5,50,9150
20231227,10:56:25,2909.5,50,9150
20231227,10:56:28,2910.0,50,9150
20231227,10:56:34,2908.25,50,9150
20231227,10:56:36,2908.25,50,9150
20231227,10:57:03,2908.45,50,10550
20231227,10:57:05,2908.45,50,10550
20231227,10:57:23,2909.95,150,10550
20231227,10:57:31,2898.45,1400,10550
20231227,10:58:51,2885.2,50,10550
20231227,11:00:04,2906.75,50,12150
20231227,11:00:45,2906.8,50,12150
20231227,11:03:12,2916.7,100,12200
20231227,11:04:55,2880.4,50,12200
20231227,11:06:37,2880.4,50,12250
20231227,11:07:22,2876.5,250,12250
20231227,11:08:07,2890.0,400,12250
20231227,11:08:15,2890.0,1350,12250
20231227,11:08:36,2900.0,50,12250
20231227,11:08:47,2906.75,50,12250
20231227,11:10:24,2906.8,50,14250
20231227,11:10:47,2909.95,50,14250
20231227,11:11:54,2865.7,50,14250
20231227,11:14:33,2865.7,50,14300
20231227,11:15:14,2869.55,50,14350
20231227,11:19:05,2902.7,50,14400
20231227,11:20:57,2889.7,50,14400
20231227,11:22:51,2910.0,50,14500
20231227,11:24:46,2910.1,50,14550
20231227,11:29:18,2899.0,50,14550
20231227,11:29:23,2907.0,50,14550
20231227,11:29:49,2907.0,50,14550
20231227,11:32:22,2965.7,50,14700
20231227,11:32:48,2965.7,50,14700
20231227,11:33:21,2885.45,250,14600
20231227,11:47:10,2907.0,50,14850
20231227,11:49:47,2912.3,50,14900
20231227,11:51:22,2909.35,50,14900
20231227,11:52:37,2900.4,100,14900
20231227,11:55:42,2900.75,500,14950
20231227,11:56:23,2900.75,100,14950
20231227,11:56:36,2905.4,50,14950
20231227,11:56:50,2901.5,150,14950
20231227,11:56:52,2901.4,150,14950
20231227,11:57:50,2890.0,100,15800
20231227,11:58:14,2890.0,400,15800
20231227,11:58:46,2888.0,1000,15800
20231227,11:59:35,2889.95,100,15800
20231227,11:59:52,2885.0,50,15800
20231227,12:00:01,2885.0,150,15800
20231227,12:00:55,2885.0,50,17500
20231227,12:01:24,2880.0,500,17500
20231227,12:02:23,2885.0,50,17500
20231227,12:03:19,2885.0,50,18100
20231227,12:04:37,2885.0,50,18100
20231227,12:04:45,2885.0,50,18100
20231227,12:05:16,2885.0,500,18100
20231227,12:06:08,2872.3,50,18750
20231227,12:06:20,2875.0,50,18750
20231227,12:06:48,2872.4,50,18750
20231227,12:06:57,2872.4,50,18750
20231227,12:09:04,2870.0,50,18750
20231227,12:09:30,2867.0,50,19000
20231227,12:11:45,2885.0,50,19000
20231227,12:13:00,2890.0,50,19100
20231227,12:13:25,2884.05,50,19100
20231227,12:13:58,2880.0,200,19100
20231227,12:14:43,2874.4,50,19100
20231227,12:17:23,2890.0,50,19450
20231227,12:21:17,2900.0,50,19450
20231227,12:22:49,2900.0,50,19500
20231227,12:23:07,2910.0,50,19500
20231227,12:23:26,2912.3,50,19500
20231227,12:24:34,2925.0,50,19700
20231227,12:25:55,2927.75,200,19700
20231227,12:26:04,2927.7,50,19700
20231227,12:26:13,2923.75,100,19700
20231227,12:26:23,2920.4,150,19700
20231227,12:26:31,2920.0,300,19700
20231227,12:26:40,2923.75,50,19700
20231227,12:34:39,2947.3,50,20300
20231227,12:34:47,2921.75,100,20300
20231227,12:35:54,2922.7,50,20300
20231227,12:43:48,2909.4,50,20450
20231227,12:44:21,2909.0,50,20450
20231227,12:49:13,2904.4,100,20550
20231227,12:59:58,2890.0,50,20600
20231227,12:59:59,2890.0,100,20600
20231227,13:00:09,2885.0,250,20600
20231227,13:00:10,2885.0,600,20600
20231227,13:01:28,2900.0,500,21600
20231227,13:02:14,2910.0,50,21600
20231227,13:02:16,2910.0,300,21600
20231227,13:02:25,2905.0,650,21600
20231227,13:03:11,2901.3,100,21600
20231227,13:04:16,2925.0,50,21600
20231227,13:07:54,2915.0,100,23200
20231227,13:08:30,2906.85,100,23250
20231227,13:08:32,2906.85,100,23250
20231227,13:08:33,2906.85,50,23250
20231227,13:09:04,2912.1,400,23250
20231227,13:09:50,2920.05,50,23800
20231227,13:11:19,2927.7,50,23800
20231227,13:11:58,2915.65,50,23800
20231227,13:12:44,2917.65,50,23900
20231227,13:12:50,2917.65,50,23900
20231227,13:12:51,2920.0,50,23900
20231227,13:12:57,2921.45,50,23900
20231227,13:15:47,2917.75,50,24050
20231227,13:16:00,2917.7,50,24050
20231227,13:19:03,2915.0,50,24150
20231227,13:19:53,2920.0,50,24150
20231227,13:22:12,2927.7,50,24250
20231227,13:35:15,2904.85,100,24250
20231227,13:35:23,2906.6,100,24250
20231227,13:36:18,2905.1,100,24250
20231227,13:38:42,2923.95,50,24550
20231227,13:41:00,2894.1,100,24600
20231227,13:41:28,2913.4,300,24600
20231227,13:42:15,2922.95,50,24600
20231227,13:43:19,2913.3,150,24950
20231227,13:50:07,2897.75,50,25100
20231227,13:52:24,2900.0,500,25150
20231227,13:52:41,2917.7,50,25150
20231227,13:53:43,2919.8,50,25150
20231227,13:53:45,2919.8,50,25150
20231227,13:54:40,2914.2,50,25700
20231227,13:55:48,2903.8,100,25700
20231227,13:55:56,2924.8,50,25700
20231227,13:57:42,2898.1,50,25850
20231227,13:58:15,2902.7,50,25850
20231227,13:58:20,2897.7,50,25850
20231227,13:59:02,2896.55,50,25850
20231227,14:03:43,2886.55,50,26050
20231227,14:07:45,2900.0,150,26100
20231227,14:09:52,2900.0,100,26100
20231227,14:12:49,2907.6,100,26250
20231227,14:15:36,2895.0,550,26250
20231227,14:15:43,2895.0,1200,26250
20231227,14:16:10,2900.0,500,26250
20231227,14:16:16,2900.0,50,26250
20231227,14:16:17,2900.0,50,26250
20231227,14:16:18,2900.0,250,26250
20231227,14:16:20,2900.0,1000,26250
20231227,14:18:13,2904.3,50,26250
20231227,14:20:23,2901.45,50,29850
20231227,14:20:25,2902.4,50,29850
20231227,14:20:27,2902.4,50,29850
20231227,14:23:36,2918.7,50,29850
20231227,14:23:39,2923.7,50,29850
20231227,14:23:43,2923.7,50,29850
20231227,14:24:06,2918.7,200,29850
20231227,14:24:36,2907.7,50,29850
20231227,14:28:10,2903.0,50,29850
20231227,14:31:44,2903.0,50,29900
20231227,14:32:00,2903.0,50,29900
20231227,14:32:51,2902.75,50,29900
20231227,14:32:59,2903.0,150,29900
20231227,14:33:08,2918.7,200,29900
20231227,14:33:23,2918.7,50,29900
20231227,14:33:25,2918.7,50,29900
20231227,14:33:33,2918.7,50,30150
20231227,14:33:36,2918.7,50,30150
20231227,14:33:39,2918.7,50,30150
20231227,14:33:42,2918.7,50,30150
20231227,14:33:52,2918.7,50,30150
20231227,14:35:00,2899.6,50,30150
20231227,14:35:21,2898.95,150,30150
20231227,14:35:23,2899.0,250,30150
20231227,14:35:48,2893.75,50,30150
20231227,14:36:00,2888.15,50,30150
20231227,14:36:10,2886.95,50,30150
20231227,14:36:28,2884.9,50,30150
20231227,14:36:46,2880.0,50,30650
20231227,14:36:56,2878.25,50,30650
20231227,14:37:15,2877.7,50,30650
20231227,14:37:24,2880.0,450,30650
20231227,14:37:33,2880.0,150,30650
20231227,14:38:07,2876.75,50,30650
20231227,14:38:25,2875.0,50,30650
20231227,14:38:34,2875.0,1100,30650
20231227,14:38:59,2875.0,100,30650
20231227,14:40:08,2875.0,200,32700
20231227,14:40:17,2875.0,300,32700
20231227,14:40:27,2872.7,50,32700
20231227,14:40:37,2870.0,100,32700
20231227,14:40:56,2865.0,100,32700
20231227,14:41:05,2860.0,600,32700
20231227,14:41:15,2860.0,150,32700
20231227,14:41:23,2865.0,1000,32700
20231227,14:41:32,2862.75,50,32700
20231227,14:47:21,2859.45,50,35200
20231227,14:49:03,2848.45,150,35200
20231227,14:50:37,2848.45,100,35200
20231227,14:51:21,2848.7,200,35200
20231227,14:54:13,2854.0,50,35600
20231227,14:57:42,2877.7,50,35650
20231227,15:05:16,2807.55,50,35650
20231227,15:05:35,2807.55,100,35650
20231227,15:05:45,2807.0,200,35650
20231227,15:05:55,2803.05,100,35650
20231227,15:06:05,2803.0,50,35650
20231227,15:06:15,2803.0,100,35650
20231227,15:07:06,2803.0,50,36200
20231227,15:08:47,2780.0,200,36200
20231227,15:08:57,2780.0,100,36200
20231227,15:11:17,2790.0,150,36300
20231227,15:15:18,2795.0,50,36450
20231227,15:18:22,2786.25,100,36500
20231227,15:19:18,2792.3,50,36500
20231227,15:21:06,2800.0,50,36500
20231227,15:22:27,2800.0,50,36600
20231227,15:23:11,2801.7,200,36600
20231227,15:24:13,2810.0,50,36600
20231227,15:25:10,2805.0,50,36800
20231227,15:27:15,2798.35,50,36800
20231227,15:27:33,2798.35,50,36800
20231227,15:28:02,2800.95,100,36800
20231228,09:22:34,2750.35,1,36900
20231228,09:22:34,2750.35,50,36900
20231228,09:26:29,2757.7,50,36850
20231228,09:28:02,2757.7,50,36850
20231228,09:30:42,2743.7,100,36850
20231228,09:31:19,2743.7,50,36850
20231228,09:33:17,2743.7,50,36950
20231228,09:33:26,2725.65,100,36950
20231228,09:33:52,2725.65,50,36950
20231228,09:35:27,2743.7,100,36950
20231228,09:37:09,2750.0,150,37200
20231228,09:37:18,2750.0,500,37200
20231228,09:37:27,2750.0,1250,37200
20231228,09:37:36,2750.0,1300,37200
20231228,09:37:46,2750.0,200,37200
20231228,09:37:55,2750.0,150,37200
20231228,09:38:04,2750.0,250,37200
20231228,09:39:25,2747.0,50,40950
20231228,09:39:44,2740.0,150,40950
20231228,09:40:02,2745.0,50,40950
20231228,09:40:11,2745.0,50,40950
20231228,09:40:29,2745.0,250,40950
20231228,09:41:06,2742.0,500,40950
20231228,09:46:12,2736.0,50,42000
20231228,09:46:21,2736.0,50,42000
20231228,09:46:30,2738.0,200,42000
20231228,09:46:39,2737.0,350,42000
20231228,09:46:48,2736.0,350,42000
20231228,09:46:57,2742.0,50,42000
20231228,09:47:15,2746.0,50,42000
20231228,09:47:44,2736.0,50,42000
20231228,09:48:15,2733.0,50,43050
20231228,09:49:05,2730.8,100,43050
20231228,09:49:08,2730.75,100,43050
20231228,09:49:25,2730.8,50,43050
20231228,09:49:27,2730.8,50,43050
20231228,09:49:28,2730.8,50,43050
20231228,09:49:29,2730.8,50,43050
20231228,09:49:30,2730.8,50,43050
20231228,09:50:28,2728.0,300,43050
20231228,09:50:38,2725.0,450,43050
20231228,09:50:56,2725.0,250,43050
20231228,09:51:53,2722.0,750,44550
20231228,09:53:55,2722.0,350,44550
20231228,09:54:04,2725.0,900,46200
20231228,09:54:13,2725.0,350,46200
20231228,09:55:07,2740.7,50,46200
20231228,09:56:25,2745.7,650,46200
20231228,09:56:34,2745.7,50,46200
20231228,09:56:53,2744.95,250,46200
20231228,09:57:02,2735.0,400,46850
20231228,09:57:11,2735.0,600,46850
20231228,09:57:21,2735.0,300,46850
20231228,09:57:30,2735.0,1150,46850
20231228,09:58:06,2738.0,50,46850
20231228,09:58:15,2738.0,200,46850
20231228,09:58:21,2740.0,50,46850
20231228,09:58:22,2733.2,50,46850
20231228,09:58:45,2734.95,100,46850
20231228,09:58:46,2734.95,100,46850
20231228,09:58:47,2735.0,50,46850
20231228,09:58:53,2730.0,700,46850
20231228,09:58:58,2732.0,100,46850
20231228,09:59:00,2732.0,900,46850
20231228,09:59:14,2747.75,200,46850
20231228,10:00:10,2740.7,200,51300
20231228,10:00:19,2745.7,50,51300
20231228,10:01:13,2749.95,50,51300
20231228,10:01:58,2749.95,50,51300
20231228,10:03:09,2750.0,50,51300
20231228,10:04:49,2761.85,250,51350
20231228,10:05:38,2766.85,50,51350
20231228,10:06:56,2779.4,50,51650
20231228,10:07:00,2789.35,50,51650
20231228,10:07:37,2794.8,50,51650
20231228,10:10:38,2794.8,300,51750
20231228,10:11:20,2766.15,50,51750
20231228,10:11:59,2789.65,50,51750
20231228,10:12:19,2770.0,1200,52150
20231228,10:12:56,2780.0,100,52150
20231228,10:13:15,2785.0,150,52150
20231228,10:13:44,2782.7,50,52150
20231228,10:14:42,2770.0,1500,52150
20231228,10:15:21,2770.0,200,55000
20231228,10:15:24,2770.0,200,55000
20231228,10:15:25,2770.0,1100,55000
20231228,10:16:11,2775.7,50,55000
20231228,10:16:55,2766.0,350,55000
20231228,10:16:56,2765.95,100,55000
20231228,10:16:57,2766.0,150,55000
20231228,10:17:08,2760.0,50,55000
20231228,10:17:15,2750.0,1400,55000
20231228,10:17:32,2765.0,200,55000
20231228,10:17:33,2765.0,100,55000
20231228,10:17:34,2765.0,50,55000
20231228,10:18:19,2772.7,100,58650
20231228,10:18:27,2750.0,750,58650
20231228,10:24:53,2762.8,50,59400
20231228,10:25:15,2775.2,50,59400
20231228,10:25:21,2770.7,200,59400
20231228,10:25:42,2770.7,50,59400
20231228,10:25:44,2775.7,50,59400
20231228,10:26:41,2760.0,350,59400
20231228,10:26:42,2759.95,100,59400
20231228,10:26:44,2760.0,750,59400
20231228,10:26:54,2760.0,50,59400
20231228,10:26:55,2760.0,50,59400
20231228,10:26:58,2760.0,350,59400
20231228,10:27:00,2760.0,50,59400
20231228,10:27:16,2775.7,50,61000
20231228,10:27:19,2775.7,50,61000
20231228,10:27:22,2777.7,50,61000
20231228,10:27:25,2777.7,50,61000
20231228,10:27:28,2776.6,50,61000
20231228,10:27:30,2774.85,50,61000
20231228,10:27:32,2774.95,50,61000
20231228,10:27:34,2777.7,50,61000
20231228,10:27:36,2777.7,50,61000
20231228,10:27:38,2777.7,50,61000
20231228,10:27:40,2777.7,50,61000
20231228,10:27:43,2777.7,50,61000
20231228,10:27:52,2777.7,100,61000
20231228,10:27:55,2777.7,50,61000
20231228,10:27:57,2777.7,50,61000
20231228,10:28:09,2777.7,150,61000
20231228,10:28:18,2774.6,50,61000
20231228,10:28:43,2755.05,50,61000
20231228,10:28:46,2728.1,300,61000
20231228,10:28:47,2750.0,400,61000
20231228,10:28:58,2750.0,500,61000
20231228,10:29:24,2769.95,50,61000
20231228,10:30:00,2765.7,300,61000
20231228,10:30:01,2767.7,200,61000
20231228,10:30:02,2767.7,250,61000
20231228,10:30:04,2762.7,100,61000
20231228,10:30:10,2767.7,250,62500
20231228,10:30:11,2767.75,50,62500
20231228,10:30:13,2767.7,50,62500
20231228,10:30:16,2767.7,100,62500
20231228,10:30:17,2765.7,150,62500
20231228,10:30:18,2765.7,300,62500
20231228,10:30:20,2765.7,200,62500
20231228,10:30:31,2765.7,400,62500
20231228,10:31:09,2750.0,100,62500
20231228,10:31:21,2750.0,300,62500
20231228,10:31:50,2750.0,2000,62500
20231228,10:32:34,2770.0,50,62500
20231228,10:32:59,2772.75,100,62500
20231228,10:33:00,2772.7,250,62500
20231228,10:33:01,2772.7,200,62500
20231228,10:33:07,2774.65,150,62500
20231228,10:33:13,2773.6,600,64850
20231228,10:33:20,2777.7,600,64850
20231228,10:33:30,2777.7,100,64850
20231228,10:33:48,2760.0,100,64850
20231228,10:34:06,2752.2,50,64850
20231228,10:34:15,2750.0,1250,64850
20231228,10:34:20,2750.0,950,64850
20231228,10:34:26,2750.0,300,64850
20231228,10:34:28,2750.0,100,64850
20231228,10:35:08,2767.7,150,64850
20231228,10:35:44,2767.7,200,64850
20231228,10:35:45,2765.7,150,64850
20231228,10:35:46,2772.55,50,64850
20231228,10:35:50,2772.6,50,64850
20231228,10:35:52,2774.75,100,64850
20231228,10:35:55,2767.7,50,64850
20231228,10:36:10,2772.65,50,67400
20231228,10:36:14,2772.65,50,67400
20231228,10:36:51,2777.7,50,67400
20231228,10:36:59,2760.0,300,67400
20231228,10:37:02,2765.0,600,67400
20231228,10:37:14,2765.0,300,67400
20231228,10:37:16,2765.0,300,67400
20231228,10:37:29,2765.0,100,67400
20231228,10:37:38,2777.7,50,67400
20231228,10:38:03,2760.0,50,67400
20231228,10:38:09,2760.0,100,67400
20231228,10:39:01,2777.45,500,67400
20231228,10:39:02,2777.5,100,67400
20231228,10:39:05,2777.65,200,67400
20231228,10:39:06,2777.7,50,67400
20231228,10:39:39,2777.7,50,69150
20231228,10:40:51,2787.7,50,69150
20231228,10:41:00,2792.7,50,69150
20231228,10:41:09,2792.7,150,69150
20231228,10:41:15,2782.7,50,69150
20231228,10:41:48,2789.7,50,69150
20231228,10:42:05,2789.7,100,69150
20231228,10:42:06,2789.7,150,69150
20231228,10:42:11,2792.7,50,69250
20231228,10:42:23,2789.7,250,69250
20231228,10:42:31,2787.7,300,69250
20231228,10:42:41,2789.7,150,69250
20231228,10:42:50,2789.7,750,69250
20231228,10:43:09,2767.65,150,69250
20231228,10:43:18,2765.0,200,69250
20231228,10:43:27,2787.7,1150,69250
20231228,10:43:45,2760.0,600,69250
20231228,10:43:54,2760.0,500,69250
20231228,10:44:12,2792.7,150,69250
20231228,10:45:44,2783.5,500,71700
20231228,10:46:58,2779.75,100,71700
20231228,10:46:59,2779.7,250,71700
20231228,10:47:00,2779.7,50,71700
20231228,10:47:13,2760.0,50,71700
20231228,10:47:14,2760.0,50,71700
20231228,10:47:36,2779.7,50,71700
20231228,10:47:46,2779.7,150,71700
20231228,10:47:54,2786.2,200,71700
20231228,10:48:13,2760.0,200,71700
20231228,10:48:48,2756.9,100,71950
20231228,10:48:53,2779.7,250,71950
20231228,10:48:55,2779.7,50,71950
20231228,10:49:26,2760.0,200,71950
20231228,10:50:04,2758.0,50,71950
20231228,10:50:11,2774.7,500,71950
20231228,10:50:19,2759.95,100,71950
20231228,10:50:25,2757.0,200,71950
20231228,10:50:28,2754.0,250,71950
20231228,10:50:39,2749.95,700,71950
20231228,10:50:54,2755.0,200,71950
20231228,10:51:23,2779.7,350,73500
20231228,10:51:24,2779.7,100,73500
20231228,10:51:50,2784.7,250,73500
20231228,10:51:51,2784.7,50,73500
20231228,10:52:36,2761.0,100,73500
20231228,10:52:38,2762.75,100,73500
20231228,10:52:45,2762.0,50,73500
20231228,10:52:48,2765.75,50,73500
20231228,10:53:43,2766.0,100,73500
20231228,10:53:47,2766.6,50,73500
20231228,10:53:48,2767.2,100,73500
20231228,10:53:51,2767.9,50,73500
20231228,10:54:59,2792.0,50,74000
20231228,10:55:24,2768.55,50,74000
20231228,10:55:51,2770.1,100,74000
20231228,10:57:22,2790.1,50,74200
20231228,10:57:48,2834.1,50,74200
20231228,10:57:57,2834.1,50,74200
20231228,10:58:06,2774.95,200,74200
20231228,10:58:15,2799.4,2250,74200
20231228,10:58:20,2775.0,400,74200
20231228,10:58:21,2775.0,700,74200
20231228,10:58:38,2764.95,1000,74200
20231228,10:58:49,2800.2,350,74200
20231228,10:59:04,2800.0,700,74200
20231228,10:59:29,2795.8,500,74200
20231228,10:59:47,2800.75,500,74200
20231228,11:00:07,2770.0,1400,74200
20231228,11:00:16,2796.3,200,79400
20231228,11:00:17,2796.3,300,79400
20231228,11:00:30,2775.0,950,79400
20231228,11:00:32,2775.0,700,79400
20231228,11:00:33,2770.0,2000,79400
20231228,11:01:34,2785.0,500,79400
20231228,11:04:41,2788.0,150,83050
20231228,11:06:44,2788.05,250,83050
20231228,11:06:45,2788.0,300,83050
20231228,11:06:46,2788.0,150,83050
20231228,11:06:55,2760.0,1150,83050
20231228,11:07:48,2779.6,300,83050
20231228,11:07:49,2779.7,300,83050
20231228,11:07:57,2777.7,650,83050
20231228,11:07:58,2779.25,50,83050
20231228,11:08:06,2770.0,600,83050
20231228,11:08:29,2754.95,50,83050
20231228,11:08:31,2750.0,350,83050
20231228,11:08:32,2750.0,350,83050
20231228,11:08:49,2750.0,350,83050
20231228,11:08:56,2767.7,100,83050
20231228,11:09:03,2789.9,150,83050
20231228,11:09:07,2742.9,50,83050
20231228,11:09:20,2725.0,600,85100
20231228,11:09:25,2730.0,650,85100
20231228,11:09:33,2749.7,100,85100
20231228,11:10:48,2730.0,50,85100
20231228,11:11:24,2730.15,50,85100
20231228,11:11:51,2730.25,50,85100
20231228,11:12:06,2748.0,50,85100
20231228,11:12:11,2748.0,50,85100
20231228,11:12:31,2749.7,200,86450
20231228,11:12:40,2750.0,400,86450
20231228,11:12:42,2746.0,50,86450
20231228,11:12:58,2730.45,50,86450
20231228,11:13:16,2732.1,50,86450
20231228,11:13:19,2735.0,50,86450
20231228,11:13:24,2740.0,100,86450
20231228,11:13:25,2740.0,50,86450
20231228,11:13:27,2733.75,50,86450
20231228,11:13:33,2731.65,50,86450
20231228,11:14:20,2746.0,100,86450
20231228,11:14:28,2749.35,150,86450
20231228,11:14:30,2750.0,100,86450
20231228,11:15:08,2757.0,400,86450
20231228,11:15:20,2759.0,300,86900
20231228,11:16:28,2766.95,1350,86900
20231228,11:16:38,2765.7,100,86900
20231228,11:16:58,2750.0,250,86900
20231228,11:17:35,2743.0,600,86900
20231228,11:17:44,2743.0,750,86900
20231228,11:17:53,2745.0,350,86900
20231228,11:18:03,2745.0,100,86900
20231228,11:18:12,2745.0,250,86900
20231228,11:18:16,2744.95,50,89100
20231228,11:18:17,2745.0,600,89100
20231228,11:20:10,2763.0,150,89100
20231228,11:20:21,2759.0,100,89100
20231228,11:21:07,2760.0,600,89100
20231228,11:21:12,2759.0,150,89100
20231228,11:21:14,2760.0,500,89100
20231228,11:21:47,2759.0,100,89800
20231228,11:21:56,2759.0,100,89800
20231228,11:22:00,2759.0,150,89800
20231228,11:22:15,2760.0,50,89800
20231228,11:22:23,2761.0,100,89800
20231228,11:22:25,2761.35,50,89800
20231228,11:23:13,2760.0,150,89800
20231228,11:23:49,2760.0,50,89800
20231228,11:24:14,2761.35,300,89800
20231228,11:24:18,2765.7,150,89650
20231228,11:24:27,2765.7,950,89650
20231228,11:24:46,2765.7,250,89650
20231228,11:24:55,2764.7,100,89650
20231228,11:25:04,2765.7,150,89650
20231228,11:25:13,2745.0,850,89650
20231228,11:25:24,2745.0,500,89650
20231228,11:25:30,2740.0,1100,89650
20231228,11:25:36,2744.0,150,89650
20231228,11:25:40,2742.7,50,89650
20231228,11:25:41,2742.7,150,89650
20231228,11:25:57,2739.95,150,89650
20231228,11:25:58,2740.0,300,89650
20231228,11:25:59,2740.0,700,89650
20231228,11:26:30,2740.0,100,89650
20231228,11:27:00,2740.0,150,89650
20231228,11:27:25,2740.0,100,89650
20231228,11:27:29,2740.05,100,93550
20231228,11:29:59,2735.0,50,93550
20231228,11:30:20,2734.95,50,93750
20231228,11:30:22,2735.0,400,93750
20231228,11:30:23,2735.0,150,93750
20231228,11:30:25,2735.0,300,93750
20231228,11:30:27,2735.0,50,93750
20231228,11:30:28,2735.0,300,93750
20231228,11:30:29,2735.0,1000,93750
20231228,11:30:36,2740.75,50,93750
20231228,11:31:13,2745.0,150,93750
20231228,11:31:14,2745.0,150,93750
20231228,11:31:22,2749.0,650,93750
20231228,11:31:27,2749.0,350,93750
20231228,11:31:46,2740.0,500,93750
20231228,11:31:48,2735.0,50,93750
20231228,11:31:50,2730.0,200,93750
20231228,11:31:51,2730.0,50,93750
20231228,11:31:54,2730.0,550,93750
20231228,11:32:18,2730.15,50,93750
20231228,11:32:21,2730.75,50,93750
20231228,11:32:26,2730.75,50,93750
20231228,11:32:27,2740.7,50,93750
20231228,11:32:32,2745.7,50,93750
20231228,11:32:38,2745.7,50,93750
20231228,11:32:39,2745.7,50,93750
20231228,11:32:48,2747.75,400,93750
20231228,11:32:48,2750.7,250,93750
20231228,11:32:49,2747.95,200,93750
20231228,11:32:52,2749.7,450,93750
20231228,11:33:35,2750.7,300,97700
20231228,11:33:36,2749.65,50,97700
20231228,11:33:41,2749.7,100,97700
20231228,11:33:50,2755.7,450,97700
20231228,11:33:53,2755.7,150,97700
20231228,11:33:54,2755.7,100,97700
20231228,11:33:55,2754.7,50,97700
20231228,11:33:58,2755.7,50,97700
20231228,11:33:59,2755.7,50,97700
20231228,11:34:01,2754.7,100,97700
20231228,11:34:27,2733.0,850,97700
20231228,11:34:38,2730.0,750,97700
20231228,11:34:45,2730.0,650,97700
20231228,11:34:46,2730.0,200,97700
20231228,11:34:47,2730.0,50,97700
20231228,11:34:57,2730.0,300,97700
20231228,11:34:58,2730.0,100,97700
20231228,11:34:59,2730.0,600,97700
20231228,11:35:42,2735.0,150,97700
20231228,11:35:44,2750.7,50,97700
20231228,11:35:45,2749.7,100,97700
20231228,11:36:05,2745.7,300,97700
20231228,11:36:06,2744.7,200,97700
20231228,11:36:10,2748.0,200,97700
20231228,11:36:11,2747.2,450,97700
20231228,11:36:12,2744.7,300,97700
20231228,11:36:14,2739.7,100,97700
20231228,11:37:22,2728.0,250,101300
20231228,11:37:23,2728.0,350,101300
20231228,11:37:24,2728.0,150,101300
20231228,11:37:25,2728.0,100,101300
20231228,11:37:28,2728.1,50,101300
20231228,11:37:36,2730.0,100,101300
20231228,11:37:56,2730.0,300,101300
20231228,11:38:09,2730.0,300,101300
20231228,11:40:14,2730.85,50,102800
20231228,11:40:32,2731.55,50,102800
20231228,11:40:40,2730.35,50,102800
20231228,11:42:27,2727.55,50,102950
20231228,11:42:35,2728.35,50,102950
20231228,11:42:52,2728.85,50,102950
20231228,11:43:08,2731.1,50,102950
20231228,11:43:34,2745.05,50,102950
20231228,11:44:09,2749.0,250,102950
20231228,11:44:25,2740.0,500,102950
20231228,11:44:27,2740.0,500,102950
20231228,11:44:28,2740.0,300,102950
20231228,11:44:30,2745.0,400,102950
20231228,11:44:34,2748.0,300,102950
20231228,11:44:35,2745.0,400,102950
20231228,11:44:42,2745.0,150,102950
20231228,11:44:48,2745.05,100,102950
20231228,11:45:09,2742.45,100,102950
20231228,11:45:30,2745.05,150,102950
20231228,11:45:30,2745.05,200,105300
20231228,11:45:31,2744.7,200,105300
20231228,11:45:48,2743.0,50,105300
20231228,11:45:49,2742.0,1000,105300
20231228,11:46:19,2760.7,450,105300
20231228,11:46:23,2753.4,300,105300
20231228,11:46:24,2753.5,50,105300
20231228,11:46:50,2750.05,50,105300
20231228,11:46:50,2752.05,50,105300
20231228,11:46:52,2752.0,250,105300
20231228,11:46:57,2760.7,450,105300
20231228,11:47:46,2753.7,150,105300
20231228,11:47:48,2753.15,150,105300
20231228,11:48:22,2739.95,50,106600
20231228,11:48:23,2739.95,1050,106600
20231228,11:48:24,2740.0,200,106600
20231228,11:48:31,2740.0,150,106600
20231228,11:48:36,2740.0,150,106600
20231228,11:48:37,2740.0,250,106600
20231228,11:48:38,2752.4,150,106600
20231228,11:48:48,2749.95,100,106600
20231228,11:49:11,2738.0,650,106600
20231228,11:49:19,2755.7,600,106600
20231228,11:49:22,2754.2,50,106600
20231228,11:49:59,2750.7,50,106600
20231228,11:50:45,2750.5,150,106600
20231228,11:51:06,2750.7,50,106600
20231228,11:51:08,2745.7,150,106600
20231228,11:51:09,2745.7,50,106600
20231228,11:52:06,2752.0,200,109100
20231228,11:52:30,2755.7,350,109100
20231228,11:52:38,2754.7,100,109100
20231228,11:52:47,2755.0,200,109100
20231228,11:54:16,2755.7,100,109100
20231228,11:54:20,2755.7,100,109100
20231228,11:54:21,2755.0,100,109100
20231228,11:54:49,2755.7,100,109100
20231228,11:54:51,2755.7,100,109100
20231228,11:54:54,2755.7,100,109100
20231228,11:54:56,2755.7,50,109100
20231228,11:54:58,2755.7,50,109100
20231228,11:55:00,2755.7,100,109100
20231228,11:55:11,2750.7,150,109100
20231228,11:58:26,2744.4,100,109100
20231228,11:58:29,2744.35,50,109100
20231228,11:58:40,2740.0,100,109100
20231228,11:58:52,2740.0,300,109100
20231228,11:59:00,2737.0,100,109100
20231228,11:59:24,2733.0,250,109100
20231228,11:59:25,2733.0,50,109100
20231228,11:59:30,2732.0,100,109100
20231228,11:59:31,2732.0,100,109100
20231228,11:59:36,2739.4,200,109100
20231228,11:59:48,2739.4,100,109100
20231228,12:01:31,2740.0,50,110500
20231228,12:01:39,2745.0,350,110500
20231228,12:01:47,2740.0,700,110500
20231228,12:02:04,2740.0,50,110500
20231228,12:03:01,2636.55,1000,110500
20231228,12:03:33,2636.55,100,112550
20231228,12:04:55,2730.0,100,112550
20231228,12:04:57,2730.0,100,112550
20231228,12:05:06,2728.0,450,112550
20231228,12:05:09,2725.0,350,112550
20231228,12:05:10,2725.0,50,112550
20231228,12:05:13,2725.0,100,112550
20231228,12:05:20,2724.0,450,112550
20231228,12:05:22,2725.0,600,112550
20231228,12:05:29,2725.0,50,112550
20231228,12:06:10,2734.4,250,112550
20231228,12:06:16,2725.0,100,112550
20231228,12:08:25,2720.0,3000,115250
20231228,12:08:41,2722.7,250,115250
20231228,12:09:57,2720.0,300,118500
20231228,12:10:05,2720.0,250,118500
20231228,12:10:13,2720.0,400,118500
20231228,12:10:21,2720.0,400,118500
20231228,12:11:52,2725.0,250,118500
20231228,12:12:00,2725.0,250,118500
20231228,12:12:17,2725.0,350,118500
20231228,12:12:26,2725.0,500,118500
20231228,12:14:00,2735.0,50,121200
20231228,12:14:06,2735.0,100,121200
20231228,12:14:07,2735.0,100,121200
20231228,12:14:23,2735.0,50,121200
20231228,12:14:31,2743.8,750,121200
20231228,12:14:56,2743.85,50,121200
20231228,12:15:15,2741.0,50,121200
20231228,12:18:46,2735.0,50,122200
20231228,12:19:32,2725.0,50,122200
20231228,12:19:34,2725.0,150,122200
20231228,12:19:40,2723.0,100,122200
20231228,12:19:41,2723.0,50,122200
20231228,12:19:42,2723.0,50,122200
20231228,12:19:48,2729.7,150,122200
20231228,12:19:50,2728.95,50,122200
20231228,12:20:37,2723.0,100,122200
20231228,12:20:39,2723.0,50,122200
20231228,12:20:45,2722.75,50,122200
20231228,12:20:49,2723.95,100,122200
20231228,12:20:50,2722.0,50,122200
20231228,12:20:53,2722.0,50,122200
20231228,12:21:03,2725.0,250,122200
20231228,12:21:13,2730.0,650,122200
20231228,12:21:15,2733.15,50,122200
20231228,12:21:20,2731.05,150,122200
20231228,12:21:23,2730.75,50,122200
20231228,12:21:47,2728.0,400,124050
20231228,12:22:34,2721.6,50,124050
20231228,12:22:50,2717.0,950,124050
20231228,12:22:58,2740.7,650,124050
20231228,12:23:14,2715.0,500,124050
20231228,12:23:20,2740.05,400,124050
20231228,12:23:25,2715.0,350,124050
20231228,12:23:27,2715.0,150,124050
20231228,12:23:56,2710.0,500,124050
20231228,12:24:00,2710.0,300,124050
20231228,12:24:01,2710.0,200,124050
20231228,12:24:15,2710.0,500,124050
20231228,12:24:16,2707.75,50,124050
20231228,12:24:21,2705.0,1000,124050
20231228,12:25:17,2729.45,450,128900
20231228,12:25:22,2730.0,500,128900
20231228,12:25:35,2729.85,300,128900
20231228,12:25:41,2723.5,150,128900
20231228,12:26:11,2708.1,50,128900
20231228,12:27:56,2720.0,100,128950
20231228,12:27:57,2725.0,100,128950
20231228,12:27:59,2726.0,100,128950
20231228,12:28:00,2724.65,100,128950
20231228,12:28:26,2704.75,50,128950
20231228,12:28:30,2704.4,50,128950
20231228,12:28:36,2703.0,50,128950
20231228,12:28:37,2703.0,50,128950
20231228,12:28:38,2697.3,50,128950
20231228,12:28:45,2700.0,50,128950
20231228,12:28:54,2690.0,1400,128950
20231228,12:28:59,2696.0,50,128950
20231228,12:29:05,2697.0,50,128950
20231228,12:29:18,2696.0,50,128950
20231228,12:32:16,2720.6,600,130850
20231228,12:32:17,2717.05,550,130850
20231228,12:32:18,2716.8,200,130850
20231228,12:32:19,2718.55,350,130850
20231228,12:32:21,2717.2,50,130850
20231228,12:32:22,2717.25,50,130850
20231228,12:32:24,2716.6,100,130850
20231228,12:32:25,2716.65,50,130850
20231228,12:32:26,2717.0,50,130850
20231228,12:32:27,2717.9,100,130850
20231228,12:32:28,2716.35,150,130850
20231228,12:32:29,2719.9,100,130850
20231228,12:32:30,2719.15,250,130850
20231228,12:32:31,2719.05,50,130850
20231228,12:32:32,2719.8,650,130850
20231228,12:32:34,2719.45,50,130850
20231228,12:32:42,2710.6,50,130850
20231228,12:32:55,2700.0,100,130850
20231228,12:33:10,2698.0,200,130850
20231228,12:33:11,2698.0,50,130850
20231228,12:33:13,2695.0,1150,130850
20231228,12:33:16,2695.0,600,130850
20231228,12:34:39,2711.35,50,133000
20231228,12:34:45,2711.45,100,133000
20231228,12:34:46,2711.45,50,133000
20231228,12:34:47,2711.45,50,133000
20231228,12:34:48,2712.2,200,133000
20231228,12:34:49,2712.05,50,133000
20231228,12:34:50,2717.05,200,133000
20231228,12:34:51,2714.4,50,133000
20231228,12:34:53,2716.2,100,133000
20231228,12:34:54,2716.15,350,133000
20231228,12:34:55,2716.95,200,133000
20231228,12:34:56,2716.95,50,133000
20231228,12:34:57,2716.95,100,133000
20231228,12:34:59,2717.05,100,133000
20231228,12:35:08,2717.15,200,133000
20231228,12:35:13,2717.05,50,133000
20231228,12:35:23,2710.7,50,133000
20231228,12:35:26,2710.0,50,133000
20231228,12:35:28,2710.0,50,133000
20231228,12:35:29,2710.0,200,133000
20231228,12:35:30,2705.0,200,133000
20231228,12:35:32,2705.0,50,133000
20231228,12:35:33,2700.0,1400,133000
20231228,12:35:34,2700.0,150,133000
20231228,12:36:37,2717.95,100,135250
20231228,12:36:38,2718.35,100,135250
20231228,12:36:39,2719.2,200,135250
20231228,12:36:40,2718.1,50,135250
20231228,12:36:42,2719.6,50,135250
20231228,12:36:44,2718.4,50,135250
20231228,12:36:45,2718.6,50,135250
20231228,12:36:47,2718.45,50,135250
20231228,12:36:48,2719.8,50,135250
20231228,12:36:49,2719.8,50,135250
20231228,12:36:50,2718.85,100,135250
20231228,12:36:51,2718.8,100,135250
20231228,12:36:52,2718.85,100,135250
20231228,12:36:52,2718.9,50,135250
20231228,12:36:55,2718.45,50,135250
20231228,12:36:56,2718.45,50,135250
20231228,12:36:57,2718.15,50,135250
20231228,12:36:58,2717.6,50,135250
20231228,12:36:59,2717.0,100,135250
20231228,12:37:00,2716.95,50,135250
20231228,12:37:01,2716.95,50,135250
20231228,12:37:04,2730.7,400,135250
20231228,12:37:05,2718.7,50,135250
20231228,12:37:06,2730.7,200,135250
20231228,12:37:07,2718.15,50,135250
20231228,12:37:08,2718.4,50,135250
20231228,12:37:10,2718.5,150,135250
20231228,12:37:12,2718.25,300,135250
20231228,12:37:13,2720.0,550,135250
20231228,12:37:14,2719.0,200,135250
20231228,12:37:17,2719.0,300,135250
20231228,12:37:21,2719.8,300,135250
20231228,12:37:28,2705.0,150,135250
20231228,12:37:30,2705.0,150,135250
20231228,12:37:36,2700.0,550,135250
20231228,12:37:37,2700.0,100,135250
20231228,12:37:39,2700.0,100,135250
20231228,12:37:42,2700.0,100,135250
20231228,12:37:53,2699.0,150,135250
20231228,12:37:56,2695.0,650,135250
20231228,12:39:08,2715.4,50,135250
20231228,12:39:12,2715.5,50,135250
20231228,12:39:13,2715.5,50,135250
20231228,12:39:14,2716.75,350,135250
20231228,12:39:14,2718.2,200,135250
20231228,12:39:16,2717.7,50,135250
20231228,12:39:17,2717.7,50,135250
20231228,12:39:22,2720.0,100,135250
20231228,12:39:25,2719.15,50,135250
20231228,12:39:27,2710.0,100,137400
20231228,12:39:30,2710.0,50,137400
20231228,12:39:32,2710.0,200,137400
20231228,12:39:34,2710.0,100,137400
20231228,12:39:36,2705.0,100,137400
20231228,12:39:37,2705.0,150,137400
20231228,12:39:38,2705.0,150,137400
20231228,12:39:42,2705.0,100,137400
20231228,12:39:43,2705.0,50,137400
20231228,12:39:44,2700.0,450,137400
20231228,12:39:45,2700.0,400,137400
20231228,12:39:47,2700.0,150,137400
20231228,12:39:49,2700.0,50,137400
20231228,12:39:50,2700.0,50,137400
20231228,12:39:54,2700.0,50,137400
20231228,12:39:56,2709.25,50,137400
20231228,12:39:57,2720.0,550,137400
20231228,12:41:21,2715.9,50,137400
20231228,12:41:25,2716.45,50,137400
20231228,12:41:26,2718.6,100,137400
20231228,12:41:27,2720.7,100,137400
20231228,12:41:28,2718.65,50,137400
20231228,12:41:53,2710.0,150,137400
20231228,12:42:12,2710.0,400,137400
20231228,12:42:13,2710.0,100,137400
20231228,12:42:14,2710.0,50,137400
20231228,12:42:17,2710.0,100,137400
20231228,12:42:18,2710.0,100,137400
20231228,12:42:19,2710.0,150,137400
20231228,12:42:20,2710.0,100,137400
20231228,12:42:23,2710.0,50,137400
20231228,12:42:24,2707.65,50,137400
20231228,12:42:25,2707.65,200,137400
20231228,12:42:27,2707.65,50,141250
20231228,12:42:29,2710.0,50,141250
20231228,12:42:30,2710.0,50,141250
20231228,12:42:33,2710.0,100,141250
20231228,12:42:34,2710.0,50,141250
20231228,12:42:35,2710.0,100,141250
20231228,12:42:36,2705.0,300,141250
20231228,12:42:37,2705.0,50,141250
20231228,12:42:38,2715.0,600,141250
20231228,12:42:39,2715.0,50,141250
20231228,12:43:55,2721.2,50,141250
20231228,12:44:00,2721.25,50,141250
20231228,12:44:01,2721.2,50,141250
20231228,12:44:02,2721.4,50,141250
20231228,12:44:03,2705.0,250,141250
20231228,12:44:12,2700.0,1850,141250
20231228,12:44:14,2721.4,50,141250
20231228,12:44:15,2721.25,50,141250
20231228,12:44:16,2721.3,100,141250
20231228,12:44:18,2721.4,50,141250
20231228,12:44:20,2716.75,50,141250
20231228,12:44:28,2715.9,50,141250
20231228,12:44:32,2715.9,100,141250
20231228,12:44:38,2717.35,100,141250
20231228,12:44:48,2716.0,250,141250
20231228,12:44:51,2721.45,550,141250
20231228,12:44:52,2718.05,450,141250
20231228,12:45:43,2709.95,150,144200
20231228,12:46:05,2710.0,250,144200
20231228,12:46:06,2710.0,50,144200
20231228,12:46:07,2710.0,150,144200
20231228,12:46:10,2710.0,50,144200
20231228,12:46:12,2710.0,350,144200
20231228,12:46:14,2710.0,150,144200
20231228,12:46:16,2710.0,150,144200
20231228,12:46:19,2710.0,350,144200
20231228,12:46:20,2719.0,1300,144200
20231228,12:46:21,2719.65,1250,144200
20231228,12:46:22,2720.7,300,144200
20231228,12:46:23,2720.65,100,144200
20231228,12:46:24,2728.45,100,144200
20231228,12:46:25,2727.35,50,144200
20231228,12:46:26,2728.6,100,144200
20231228,12:46:27,2726.8,150,144200
20231228,12:46:29,2722.45,150,144200
20231228,12:46:30,2726.25,50,144200
20231228,12:46:33,2715.75,150,144200
20231228,12:46:34,2722.05,100,144200
20231228,12:46:35,2715.75,100,144200
20231228,12:46:37,2720.35,100,144200
20231228,12:46:39,2722.3,50,144200
20231228,12:46:40,2723.75,100,144200
20231228,12:46:41,2715.75,350,144200
20231228,12:46:45,2721.85,150,144200
20231228,12:46:46,2720.55,50,144200
20231228,12:46:52,2717.75,250,144200
20231228,12:46:54,2720.45,100,144200
20231228,12:46:56,2720.4,50,144200
20231228,12:46:57,2722.25,100,144200
20231228,12:46:58,2719.95,50,144200
20231228,12:46:59,2720.75,100,144200
20231228,12:47:04,2725.0,50,144200
20231228,12:47:13,2726.75,50,144200
20231228,12:47:43,2722.55,100,144200
20231228,12:47:48,2721.95,50,144200
20231228,12:48:00,2725.95,50,144200
20231228,12:48:06,2725.0,50,144200
20231228,12:48:07,2726.85,50,144200
20231228,12:48:10,2720.85,50,144200
20231228,12:48:20,2722.65,50,144200
20231228,12:48:32,2722.25,50,147700
20231228,12:48:39,2724.45,150,147700
20231228,12:48:40,2715.75,250,147700
20231228,12:48:41,2722.55,200,147700
20231228,12:48:45,2715.0,700,147700
20231228,12:48:46,2715.0,150,147700
20231228,12:48:48,2715.0,350,147700
20231228,12:48:49,2715.0,350,147700
20231228,12:48:50,2715.0,550,147700
20231228,12:48:51,2715.0,100,147700
20231228,12:48:53,2715.75,100,147700
20231228,12:49:11,2715.75,150,147700
20231228,12:49:12,2715.5,50,147700
20231228,12:49:16,2715.75,50,147700
20231228,12:49:56,2724.3,100,147700
20231228,12:50:09,2717.4,50,147700
20231228,12:50:16,2717.4,50,147700
20231228,12:50:21,2714.95,250,147700
20231228,12:50:23,2715.0,450,147700
20231228,12:50:27,2715.0,50,147700
20231228,12:50:28,2715.0,200,147700
20231228,12:50:29,2715.0,450,147700
20231228,12:50:30,2715.0,850,147700
20231228,12:51:03,2737.35,50,147700
20231228,12:51:04,2735.7,50,147700
20231228,12:51:14,2744.1,300,147700
20231228,12:51:15,2740.9,550,147700
20231228,12:51:16,2740.7,250,147700
20231228,12:51:17,2741.65,150,147700
20231228,12:51:39,2737.4,50,152200
20231228,12:51:43,2737.4,50,152200
20231228,12:51:44,2737.4,50,152200
20231228,12:51:45,2737.4,350,152200
20231228,12:53:57,2732.4,50,152200
20231228,12:53:59,2732.4,50,152200
20231228,12:54:06,2732.4,50,152200
20231228,12:54:10,2732.4,50,152200
20231228,12:54:14,2737.4,100,152200
20231228,12:54:15,2737.4,50,152200
20231228,12:54:16,2737.4,50,152200
20231228,12:54:19,2737.4,150,152200
20231228,12:54:22,2737.4,150,152200
20231228,12:54:23,2737.4,50,152200
20231228,12:54:24,2737.4,200,152200
20231228,12:54:26,2737.4,50,152200
20231228,12:54:27,2737.4,100,152200
20231228,12:54:30,2737.4,50,152600
20231228,12:54:31,2737.4,50,152600
20231228,12:54:34,2735.0,50,152600
20231228,12:54:35,2735.0,50,152600
20231228,12:54:36,2735.0,50,152600
20231228,12:54:38,2735.0,100,152600
20231228,12:54:39,2735.0,50,152600
20231228,12:55:06,2720.0,1500,152600
20231228,12:55:11,2720.0,150,152600
20231228,12:55:16,2720.0,50,152600
20231228,12:55:22,2720.0,250,152600
20231228,12:55:31,2735.45,600,152600
20231228,12:55:38,2720.0,200,152600
20231228,12:55:59,2715.0,500,152600
20231228,12:56:03,2715.0,50,152600
20231228,12:56:27,2727.6,50,152600
20231228,12:56:39,2716.5,50,152600
20231228,12:56:50,2715.0,250,152600
20231228,12:56:55,2714.0,250,152600
20231228,12:57:02,2713.95,100,152600
20231228,12:57:03,2713.8,50,152600
20231228,12:57:07,2716.95,200,152600
20231228,12:57:09,2717.0,1500,152600
20231228,12:57:50,2723.4,50,157900
20231228,12:58:17,2717.7,50,157900
20231228,12:58:26,2717.7,50,157900
20231228,12:59:35,2723.9,50,157900
20231228,13:00:48,2721.0,50,158000
20231228,13:01:01,2718.3,200,158000
20231228,13:01:17,2710.0,300,158000
20231228,13:01:30,2715.0,850,158000
20231228,13:04:59,2730.45,250,159300
20231228,13:05:08,2738.75,800,159300
20231228,13:05:22,2732.2,50,159300
20231228,13:05:33,2735.25,500,159300
20231228,13:05:34,2735.55,250,159300
20231228,13:05:35,2733.9,200,159300
20231228,13:05:45,2734.25,50,159300
20231228,13:05:46,2737.4,200,159300
20231228,13:05:48,2735.55,150,159300
20231228,13:05:51,2734.85,50,159300
20231228,13:05:52,2734.85,50,159300
20231228,13:09:55,2716.0,350,159500
20231228,13:09:56,2716.0,50,159500
20231228,13:10:23,2716.0,150,159500
20231228,13:10:28,2713.0,50,159500
20231228,13:10:30,2713.0,50,159500
20231228,13:10:32,2713.0,50,159500
20231228,13:10:33,2713.0,100,159500
20231228,13:10:45,2715.0,100,159500
20231228,13:10:46,2710.0,100,159500
20231228,13:10:47,2710.0,100,159500
20231228,13:10:51,2710.0,50,159500
20231228,13:10:52,2710.0,100,159500
20231228,13:10:53,2710.0,1450,159500
20231228,13:10:54,2710.0,250,159500
20231228,13:10:56,2710.0,200,159500
20231228,13:11:07,2709.3,300,159500
20231228,13:11:19,2709.4,450,159500
20231228,13:11:27,2709.4,250,159500
20231228,13:11:51,2720.0,300,159500
20231228,13:12:49,2712.7,100,163850
20231228,13:12:56,2709.3,1500,163850
20231228,13:13:03,2709.3,1400,163850
20231228,13:13:45,2709.3,550,163850
20231228,13:13:54,2706.95,250,163850
20231228,13:14:04,2705.0,750,163850
20231228,13:14:13,2705.0,600,163850
20231228,13:14:17,2704.55,50,163850
20231228,13:14:18,2705.0,50,163850
20231228,13:14:20,2702.0,500,163850
20231228,13:14:21,2702.0,1300,163850
20231228,13:14:32,2702.0,650,163850
20231228,13:14:32,2702.0,50,163850
20231228,13:14:37,2700.0,650,163850
20231228,13:14:39,2702.0,150,163850
20231228,13:14:51,2700.0,650,163850
20231228,13:14:52,2700.0,150,163850
20231228,13:14:59,2699.95,450,163850
20231228,13:15:00,2700.0,100,163850
20231228,13:15:01,2700.0,50,163850
20231228,13:15:10,2700.0,1600,163850
20231228,13:15:16,2700.0,200,163850
20231228,13:15:19,2700.0,750,163850
20231228,13:15:26,2700.0,1000,163850
20231228,13:15:37,2700.0,450,177200
20231228,13:15:38,2700.0,100,177200
20231228,13:16:43,2705.0,150,177200
20231228,13:16:44,2705.0,100,177200
20231228,13:16:46,2705.0,200,177200
20231228,13:16:50,2705.0,550,177200
20231228,13:16:51,2705.0,500,177200
20231228,13:17:59,2724.2,100,177200
20231228,13:18:00,2724.2,150,177200
20231228,13:18:07,2724.2,200,177200
20231228,13:18:12,2724.2,50,177200
20231228,13:18:28,2724.0,200,177200
20231228,13:20:52,2717.0,150,179300
20231228,13:21:50,2717.0,50,179450
20231228,13:21:53,2717.0,50,179450
20231228,13:21:54,2717.0,50,179450
20231228,13:21:56,2717.0,50,179450
20231228,13:21:58,2717.0,50,179450
20231228,13:22:00,2717.0,50,179450
20231228,13:22:02,2717.0,50,179450
20231228,13:22:05,2717.0,50,179450
20231228,13:22:07,2717.0,50,179450
20231228,13:22:14,2714.0,100,179450
20231228,13:22:19,2711.05,950,179450
20231228,13:26:12,2721.35,50,180850
20231228,13:26:50,2717.3,50,180850
20231228,13:26:56,2716.95,50,180850
20231228,13:26:58,2716.95,50,180850
20231228,13:27:03,2716.0,600,180850
20231228,13:27:10,2717.0,250,180850
20231228,13:27:13,2717.0,100,180850
20231228,13:27:18,2717.0,100,180850
20231228,13:27:22,2717.0,1050,180850
20231228,13:27:23,2717.0,700,180850
20231228,13:27:26,2717.0,100,180850
20231228,13:27:27,2717.0,1050,180850
20231228,13:28:38,2731.7,50,184800
20231228,13:32:04,2717.4,100,184800
20231228,13:32:13,2711.05,850,184800
20231228,13:32:21,2731.0,50,184800
20231228,13:32:43,2731.75,50,184800
20231228,13:32:50,2731.35,50,184800
20231228,13:33:26,2737.4,300,184800
20231228,13:34:14,2717.4,950,184800
20231228,13:34:30,2737.4,100,185750
20231228,13:34:36,2732.4,50,185750
20231228,13:34:40,2732.05,50,185750
20231228,13:34:41,2733.0,50,185750
20231228,13:34:47,2734.95,50,185750
20231228,13:34:48,2734.9,50,185750
20231228,13:34:53,2737.4,100,185750
20231228,13:34:58,2737.4,100,185750
20231228,13:35:04,2736.8,100,185750
20231228,13:35:09,2736.9,50,185750
20231228,13:35:19,2735.0,50,185750
20231228,13:35:26,2735.0,50,185750
20231228,13:35:35,2720.0,850,185750
20231228,13:35:40,2720.0,50,185750
20231228,13:35:41,2720.0,50,185750
20231228,13:36:45,2720.0,950,185750
20231228,13:37:31,2731.75,50,187550
20231228,13:37:47,2717.4,950,187550
20231228,13:38:33,2721.0,600,187550
20231228,13:39:11,2717.4,950,187550
20231228,13:39:57,2717.4,950,190800
20231228,13:41:37,2710.0,400,190800
20231228,13:41:43,2708.0,650,190800
20231228,13:41:44,2708.0,50,190800
20231228,13:41:45,2708.0,150,190800
20231228,13:41:49,2705.45,550,190800
20231228,13:41:50,2705.45,900,190800
20231228,13:41:53,2721.8,700,190800
20231228,13:42:33,2717.0,800,190800
20231228,13:42:34,2717.0,250,190800
20231228,13:43:05,2726.8,50,195450
20231228,13:43:45,2729.6,50,195450
20231228,13:43:49,2732.4,50,195450
20231228,13:43:50,2732.4,750,195450
20231228,13:43:51,2730.0,50,195450
20231228,13:43:58,2732.4,150,195450
20231228,13:44:00,2732.4,150,195450
20231228,13:44:02,2732.4,50,195450
20231228,13:44:03,2732.4,50,195450
20231228,13:44:10,2732.4,150,195450
20231228,13:44:18,2733.95,50,195450
20231228,13:44:42,2733.95,50,195450
20231228,13:44:47,2734.0,50,195450
20231228,13:44:52,2720.0,250,195450
20231228,13:44:53,2720.0,200,195450
20231228,13:44:59,2734.0,50,195450
20231228,13:45:10,2732.95,50,195450
20231228,13:45:13,2723.0,50,195450
20231228,13:45:28,2723.0,300,195450
20231228,13:45:35,2722.7,50,196200
20231228,13:45:47,2715.0,1050,196200
20231228,13:45:50,2715.0,100,196200
20231228,13:45:52,2715.0,350,196200
20231228,13:45:54,2735.15,50,196200
20231228,13:45:56,2737.4,450,196200
20231228,13:45:58,2737.4,50,196200
20231228,13:46:01,2737.4,350,196200
20231228,13:46:02,2737.4,150,196200
20231228,13:46:03,2737.4,50,196200
20231228,13:46:05,2737.4,100,196200
20231228,13:46:18,2737.15,50,196200
20231228,13:46:20,2737.4,50,196200
20231228,13:46:22,2737.0,500,196200
20231228,13:46:23,2737.1,350,196200
20231228,13:46:24,2737.4,150,196200
20231228,13:46:25,2737.4,50,196200
20231228,13:46:26,2737.4,150,196200
20231228,13:46:27,2737.4,250,196200
20231228,13:46:28,2737.4,50,196200
20231228,13:46:29,2737.4,150,196200
20231228,13:46:30,2737.4,150,196200
20231228,13:47:04,2734.0,100,196200
20231228,13:47:22,2732.0,100,196200
20231228,13:47:39,2737.4,450,196200
20231228,13:47:41,2737.4,50,196200
20231228,13:47:42,2737.4,50,196200
20231228,13:47:44,2737.4,100,196200
20231228,13:47:44,2737.4,50,196200
20231228,13:47:46,2737.4,50,196200
20231228,13:47:47,2737.4,50,196200
20231228,13:47:48,2737.4,50,196200
20231228,13:47:50,2737.4,50,196200
20231228,13:47:51,2737.4,150,196200
20231228,13:47:52,2737.4,300,196200
20231228,13:47:53,2737.4,100,196200
20231228,13:47:54,2737.4,150,196200
20231228,13:47:55,2737.4,150,196200
20231228,13:47:57,2737.4,50,196200
20231228,13:48:28,2738.4,100,196200
20231228,13:48:52,2741.15,100,197750
20231228,13:49:06,2725.0,400,197750
20231228,13:49:13,2720.0,100,197750
20231228,13:49:17,2720.0,100,197750
20231228,13:49:25,2717.0,750,197750
20231228,13:49:25,2717.0,50,197750
20231228,13:49:26,2717.0,400,197750
20231228,13:49:42,2727.7,100,197750
20231228,13:49:50,2728.8,100,197750
20231228,13:49:51,2731.0,500,197750
20231228,13:49:51,2729.0,50,197750
20231228,13:49:52,2731.95,550,197750
20231228,13:50:24,2722.4,100,197750
20231228,13:50:47,2733.35,50,197750
20231228,13:50:52,2733.8,50,197750
20231228,13:51:08,2735.45,100,197750
20231228,13:51:20,2737.7,100,197750
20231228,13:52:45,2728.15,50,199650
20231228,13:54:14,2723.05,50,199650
20231228,13:54:21,2715.0,950,199650
20231228,13:54:30,2714.1,100,199650
20231228,13:54:36,2714.0,200,199650
20231228,13:54:37,2714.0,150,200750
20231228,13:54:47,2714.0,250,200750
20231228,13:54:48,2714.0,300,200750
20231228,13:55:09,2713.0,400,200750
20231228,13:55:18,2713.0,500,200750
20231228,13:55:24,2713.0,150,200750
20231228,13:55:26,2713.0,200,200750
20231228,13:55:27,2713.0,150,200750
20231228,13:55:30,2713.0,100,200750
20231228,13:55:31,2713.0,50,200750
20231228,13:55:38,2710.0,500,200750
20231228,13:55:39,2710.0,100,200750
20231228,13:55:48,2710.0,550,200750
20231228,14:01:07,2710.0,200,204300
20231228,14:01:14,2710.0,50,204300
20231228,14:01:29,2708.0,250,204300
20231228,14:01:32,2708.0,400,204300
20231228,14:01:44,2704.0,550,204300
20231228,14:01:45,2704.0,1250,204300
20231228,14:01:58,2700.0,1800,204300
20231228,14:02:04,2708.0,250,204300
20231228,14:04:08,2700.0,50,208650
20231228,14:04:15,2710.0,450,208650
20231228,14:04:18,2700.0,1500,208650
20231228,14:04:47,2695.0,100,208650
20231228,14:04:50,2694.3,100,208650
20231228,14:04:51,2694.0,150,208650
20231228,14:04:58,2694.0,850,208650
20231228,14:05:17,2690.65,50,208650
20231228,14:05:31,2690.0,1800,208650
20231228,14:06:29,2700.0,50,208650
20231228,14:06:31,2700.0,50,208650
20231228,14:06:36,2700.0,50,208650
20231228,14:06:45,2700.0,100,213550
20231228,14:09:34,2700.0,50,213550
20231228,14:09:50,2705.0,100,213700
20231228,14:09:57,2710.0,50,213700
20231228,14:10:19,2704.95,150,213700
20231228,14:10:27,2700.0,300,213700
20231228,14:10:29,2700.0,100,213700
20231228,14:10:31,2700.0,100,213700
20231228,14:10:36,2700.0,50,213700
20231228,14:10:43,2700.0,100,213700
20231228,14:10:45,2700.0,150,213700
20231228,14:10:47,2700.0,900,213700
20231228,14:11:02,2695.0,550,213700
20231228,14:11:04,2695.0,1300,213700
20231228,14:11:25,2705.0,50,213700
20231228,14:11:28,2705.0,50,213700
20231228,14:11:32,2695.0,800,213700
20231228,14:12:06,2695.0,1050,213700
20231228,14:12:13,2695.0,1000,213700
20231228,14:12:19,2695.0,1000,213700
20231228,14:12:25,2695.0,1100,213700
20231228,14:13:24,2700.0,150,222250
20231228,14:13:27,2700.0,1600,222250
20231228,14:14:22,2711.0,50,222250
20231228,14:15:58,2710.95,50,224000
20231228,14:16:04,2713.0,100,224000
20231228,14:16:23,2717.2,50,224000
20231228,14:16:25,2717.2,50,224000
20231228,14:16:48,2718.05,50,224000
20231228,14:16:50,2718.75,50,224000
20231228,14:17:05,2724.75,50,224000
20231228,14:17:10,2724.7,50,224000
20231228,14:17:12,2724.7,50,224000
20231228,14:17:40,2724.7,50,224000
20231228,14:17:44,2719.95,100,224000
20231228,14:17:55,2718.95,50,224000
20231228,14:17:58,2707.0,50,224000
20231228,14:18:21,2720.0,100,224000
20231228,14:19:04,2720.0,100,224300
20231228,14:19:05,2720.0,100,224300
20231228,14:19:06,2720.0,1400,224300
20231228,14:19:42,2731.0,50,224300
20231228,14:20:42,2729.95,200,224300
20231228,14:20:47,2730.0,50,224300
20231228,14:21:35,2730.0,350,224300
20231228,14:21:36,2730.0,200,224300
20231228,14:21:49,2725.0,100,226550
20231228,14:22:09,2716.0,200,226550
20231228,14:22:12,2710.0,800,226550
20231228,14:23:00,2710.0,250,226550
20231228,14:24:34,2715.0,250,226550
20231228,14:25:06,2728.0,300,228050
20231228,14:25:14,2729.0,200,228050
20231228,14:25:27,2733.45,50,228050
20231228,14:26:51,2723.45,50,228050
20231228,14:26:59,2730.0,500,228050
20231228,14:27:18,2724.4,50,228050
20231228,14:27:20,2719.95,50,228050
20231228,14:27:22,2719.95,50,228050
20231228,14:27:24,2720.0,150,228050
20231228,14:27:25,2710.0,700,228050
20231228,14:27:28,2710.0,400,228050
20231228,14:27:30,2705.0,550,228050
20231228,14:27:31,2705.0,50,228050
20231228,14:27:34,2705.0,50,228050
20231228,14:27:45,2700.0,800,230100
20231228,14:29:07,2715.75,50,230100
20231228,14:29:09,2716.95,50,230100
20231228,14:29:11,2719.35,450,230100
20231228,14:29:42,2720.0,150,230100
20231228,14:29:43,2720.0,50,230100
20231228,14:29:45,2720.0,100,230100
20231228,14:29:46,2720.0,100,230100
20231228,14:29:48,2705.0,550,230100
20231228,14:29:52,2705.0,2050,230100
20231228,14:30:22,2705.0,350,230100
20231228,14:30:26,2700.0,450,230100
20231228,14:30:30,2700.0,700,230100
20231228,14:30:31,2700.0,1200,230100
20231228,14:30:34,2700.0,250,230100
20231228,14:30:37,2700.0,100,230100
20231228,14:30:40,2700.0,50,230100
20231228,14:30:41,2700.0,50,230100
20231228,14:30:43,2700.0,50,236800
20231228,14:30:57,2700.0,150,236800
20231228,14:30:59,2699.95,50,236800
20231228,14:31:08,2712.0,250,236800
20231228,14:31:20,2723.25,50,236800
20231228,14:31:21,2723.3,50,236800
20231228,14:31:24,2710.0,50,236800
20231228,14:31:26,2710.0,150,236800
20231228,14:31:29,2710.0,50,236800
20231228,14:31:30,2709.95,50,236800
20231228,14:31:32,2710.0,50,236800
20231228,14:31:34,2710.0,50,236800
20231228,14:31:35,2710.0,50,236800
20231228,14:31:36,2710.0,100,236800
20231228,14:31:37,2710.0,100,236800
20231228,14:31:39,2710.0,50,236800
20231228,14:31:40,2710.0,150,236800
20231228,14:31:41,2710.0,100,236800
20231228,14:31:43,2710.0,50,236800
20231228,14:31:45,2710.0,50,236800
20231228,14:31:46,2721.8,50,236800
20231228,14:31:48,2719.2,50,236800
20231228,14:31:50,2718.85,50,236800
20231228,14:31:52,2717.85,50,236800
20231228,14:31:54,2717.05,50,236800
20231228,14:31:56,2716.05,50,236800
20231228,14:31:58,2716.0,50,236800
20231228,14:32:00,2714.95,50,236800
20231228,14:32:03,2716.95,50,236800
20231228,14:32:05,2716.95,50,236800
20231228,14:32:07,2716.9,50,236800
20231228,14:32:09,2717.9,50,236800
20231228,14:32:12,2717.9,50,236800
20231228,14:32:14,2717.9,50,236800
20231228,14:32:15,2718.95,50,236800
20231228,14:32:17,2718.25,50,236800
20231228,14:32:19,2718.9,50,236800
20231228,14:32:22,2718.9,50,236800
20231228,14:32:24,2718.9,50,236800
20231228,14:32:25,2718.9,50,236800
20231228,14:32:27,2712.0,50,236800
20231228,14:32:29,2718.9,50,236800
20231228,14:32:30,2723.9,350,236800
20231228,14:32:32,2700.0,350,236800
20231228,14:32:32,2700.0,250,236800
20231228,14:32:34,2700.0,200,236800
20231228,14:32:34,2700.0,100,236800
20231228,14:32:35,2700.0,50,236800
20231228,14:32:36,2700.0,150,236800
20231228,14:32:39,2700.0,50,236800
20231228,14:32:42,2700.0,1700,236800
20231228,14:33:10,2703.0,200,236800
20231228,14:33:16,2703.0,200,236800
20231228,14:33:24,2700.9,100,236800
20231228,14:34:13,2700.0,800,241500
20231228,14:34:39,2699.0,650,241500
20231228,14:34:40,2700.0,100,241500
20231228,14:34:51,2700.0,850,241500
20231228,14:34:52,2700.0,1000,241500
20231228,14:35:14,2705.0,500,241500
20231228,14:35:28,2700.0,350,241500
20231228,14:35:29,2700.0,250,241500
20231228,14:35:30,2700.0,200,241500
20231228,14:35:32,2700.0,50,241500
20231228,14:35:35,2699.95,50,241500
20231228,14:35:41,2700.0,50,241500
20231228,14:35:43,2700.0,50,241500
20231228,14:35:50,2700.0,100,241500
20231228,14:35:54,2700.0,50,241500
20231228,14:35:56,2700.0,50,241500
20231228,14:35:58,2700.0,50,241500
20231228,14:36:00,2700.0,50,241500
20231228,14:36:02,2700.0,250,241500
20231228,14:36:05,2700.0,200,241500
20231228,14:36:07,2700.0,50,241500
20231228,14:36:09,2700.0,200,241500
20231228,14:36:11,2700.0,50,241500
20231228,14:36:14,2700.0,50,241500
20231228,14:36:16,2700.0,200,241500
20231228,14:36:20,2700.0,550,241500
20231228,14:37:27,2705.0,350,248150
20231228,14:37:28,2705.0,450,248150
20231228,14:37:29,2705.0,650,248150
20231228,14:37:30,2705.0,500,248150
20231228,14:37:40,2705.0,50,248150
20231228,14:37:56,2705.0,50,248150
20231228,14:37:59,2705.0,250,248150
20231228,14:38:00,2705.0,250,248150
20231228,14:38:08,2705.0,250,248150
20231228,14:38:26,2724.7,100,248150
20231228,14:38:33,2700.0,2850,248150
20231228,14:39:35,2699.95,250,248150
20231228,14:39:40,2700.0,2600,248150
20231228,14:41:36,2712.0,500,256550
20231228,14:42:37,2712.0,500,256550
20231228,14:42:46,2716.95,100,257550
20231228,14:43:44,2704.95,150,257550
20231228,14:43:57,2700.0,450,257550
20231228,14:44:01,2700.0,150,257550
20231228,14:44:01,2700.0,50,257550
20231228,14:44:02,2700.0,3700,257550
20231228,14:44:11,2700.0,400,257550
20231228,14:44:17,2700.0,100,257550
20231228,14:44:24,2699.95,150,257550
20231228,14:44:28,2700.0,50,257550
20231228,14:44:41,2700.0,50,257550
20231228,14:44:54,2699.45,100,257550
20231228,14:44:58,2698.95,100,257550
20231228,14:45:01,2698.0,500,257550
20231228,14:45:04,2696.0,900,257550
20231228,14:48:19,2710.0,50,264100
20231228,14:48:36,2710.0,50,264100
20231228,14:48:54,2720.0,50,264100
20231228,14:49:49,2712.95,200,264200
20231228,14:49:53,2710.0,100,264200
20231228,14:49:58,2710.0,300,264200
20231228,14:50:05,2705.0,300,264200
20231228,14:50:13,2705.0,1550,264200
20231228,14:50:23,2710.0,50,264200
20231228,14:50:25,2710.0,50,264200
20231228,14:50:26,2714.85,50,264200
20231228,14:50:29,2718.15,50,264200
20231228,14:50:31,2718.7,50,264200
20231228,14:50:33,2704.0,1800,264200
20231228,14:50:48,2705.0,1850,264200
20231228,14:51:05,2705.0,800,264200
20231228,14:51:17,2710.0,50,264200
20231228,14:51:30,2714.95,50,264200
20231228,14:51:31,2710.0,50,264200
20231228,14:51:41,2707.0,50,264200
20231228,14:51:43,2707.0,1750,264200
20231228,14:51:55,2706.0,750,264200
20231228,14:51:56,2706.0,1100,273000
20231228,14:52:02,2710.0,50,273000
20231228,14:52:09,2705.15,250,273000
20231228,14:52:17,2705.0,500,273000
20231228,14:52:22,2710.0,50,273000
20231228,14:52:29,2710.0,50,273000
20231228,14:52:37,2706.0,500,273000
20231228,14:52:47,2705.0,500,273000
20231228,14:52:58,2705.0,500,273000
20231228,14:53:07,2710.0,50,273000
20231228,14:53:09,2705.0,250,273000
20231228,14:53:19,2704.0,500,273000
20231228,14:53:30,2717.0,50,273000
20231228,14:53:31,2703.0,500,273000
20231228,14:53:41,2704.0,500,273000
20231228,14:53:46,2710.0,50,273000
20231228,14:53:49,2704.0,500,273000
20231228,14:54:32,2710.0,250,273000
20231228,14:54:48,2705.4,50,273000
20231228,14:54:49,2705.0,450,279750
20231228,14:54:58,2704.0,300,279750
20231228,14:55:24,2695.0,250,279750
20231228,14:55:32,2694.0,250,279750
20231228,14:55:43,2695.0,250,279750
20231228,14:55:51,2695.0,250,279750
20231228,14:56:09,2690.0,250,279750
20231228,14:56:39,2695.0,250,279750
20231228,14:56:48,2691.0,500,279750
20231228,14:56:53,2690.0,2300,279750
20231228,14:57:02,2691.0,1050,279750
20231228,14:57:12,2688.0,1000,279750
20231228,14:57:21,2685.0,1000,279750
20231228,14:57:31,2686.0,1050,279750
20231228,14:57:40,2680.0,1000,279750
20231228,14:57:48,2680.0,550,289800
20231228,14:57:49,2680.0,450,289800
20231228,14:58:01,2678.0,1000,289800
20231228,14:58:12,2678.0,1000,289800
20231228,14:58:15,2690.75,100,289800
20231228,14:58:29,2676.0,1050,289800
20231228,14:58:31,2688.4,50,289800
20231228,14:58:38,2675.0,1000,289800
20231228,14:58:41,2688.8,100,289800
20231228,14:58:46,2688.95,50,289800
20231228,14:58:47,2688.85,50,289800
20231228,14:58:48,2677.0,1000,289800
20231228,14:58:52,2689.7,100,289800
20231228,14:58:54,2685.0,500,289800
20231228,14:58:58,2693.65,50,289800
20231228,14:59:02,2685.0,500,289800
20231228,14:59:03,2680.0,1000,289800
20231228,14:59:29,2700.0,50,289800
20231228,14:59:37,2685.0,1000,289800
20231228,14:59:53,2684.0,1000,289800
20231228,15:00:01,2700.0,100,289800
20231228,15:00:05,2684.0,1100,289800
20231228,15:00:13,2675.0,1050,289800
20231228,15:00:17,2689.3,50,289800
20231228,15:00:22,2674.0,1000,289800
20231228,15:00:32,2672.0,1050,289800
20231228,15:00:44,2689.0,100,289800
20231228,15:00:52,2680.0,500,304000
20231228,15:01:38,2700.0,150,304000
20231228,15:02:43,2703.85,50,304000
20231228,15:04:04,2697.0,50,304350
20231228,15:05:02,2692.45,50,304350
20231228,15:06:14,2687.75,50,304350
20231228,15:06:14,2686.95,50,304350
20231228,15:06:15,2687.0,900,304350
20231228,15:06:16,2687.0,450,304350
20231228,15:06:17,2680.0,400,304350
20231228,15:06:22,2675.0,650,304350
20231228,15:06:23,2675.0,2550,304350
20231228,15:06:26,2675.0,550,304350
20231228,15:06:27,2675.0,250,304350
20231228,15:06:29,2675.0,200,304350
20231228,15:06:30,2675.0,3000,304350
20231228,15:07:02,2689.0,50,313400
20231228,15:09:02,2685.0,50,313400
20231228,15:09:25,2685.0,350,313400
20231228,15:10:25,2685.0,50,313150
20231228,15:11:29,2679.95,1100,313150
20231228,15:11:37,2675.0,500,313150
20231228,15:11:38,2675.0,150,313150
20231228,15:11:43,2675.0,200,313150
20231228,15:11:47,2674.0,650,313150
20231228,15:11:48,2674.0,200,313150
20231228,15:11:48,2674.0,100,313150
20231228,15:11:50,2674.0,50,313150
20231228,15:11:51,2674.0,300,313150
20231228,15:12:02,2673.0,300,313150
20231228,15:12:07,2669.95,1750,313150
20231228,15:12:11,2670.0,500,313150
20231228,15:12:19,2673.95,300,313150
20231228,15:12:20,2674.0,2000,313150
20231228,15:12:25,2673.05,100,313150
20231228,15:12:29,2667.0,1050,313150
20231228,15:15:34,2677.0,50,322150
20231228,15:15:39,2660.05,2200,322150
20231228,15:17:07,2671.8,50,324350
20231228,15:17:30,2680.0,100,324350
20231228,15:17:44,2679.45,50,324350
20231228,15:17:49,2679.45,50,324350
20231228,15:20:09,2670.0,1300,324550
20231228,15:20:10,2670.0,1250,324550
20231228,15:20:14,2670.0,100,324550
20231228,15:20:25,2670.0,50,324550
20231228,15:20:28,2670.0,50,324550
20231228,15:20:33,2670.0,50,324550
20231228,15:20:34,2670.0,150,324550
20231228,15:20:38,2670.0,450,324550
20231228,15:20:49,2670.0,250,324550
20231228,15:20:52,2670.0,100,324550
20231228,15:20:53,2665.0,3950,324550
20231228,15:20:54,2665.0,1750,324550
20231228,15:20:54,2665.0,200,324550
20231228,15:20:55,2665.0,1250,324550
20231228,15:20:57,2665.0,300,324550
20231228,15:21:36,2671.5,100,324550
20231228,15:21:59,2681.45,150,335750
20231228,15:22:00,2680.9,150,335750
20231228,15:22:02,2680.9,150,335750
20231228,15:22:06,2680.95,50,335750
20231228,15:22:08,2681.9,200,335750
20231228,15:22:10,2681.7,50,335750
20231228,15:22:21,2681.85,100,335750
20231228,15:22:24,2682.25,50,335750
20231228,15:22:25,2682.6,50,335750
20231228,15:22:27,2684.25,50,335750
20231228,15:22:36,2685.55,50,335750
20231228,15:22:39,2686.4,100,335750
20231228,15:22:43,2686.55,50,335750
20231228,15:22:45,2686.95,50,335750
20231228,15:22:56,2686.4,50,335750
20231228,15:23:00,2692.5,50,335750
20231228,15:23:06,2687.0,200,335750
20231228,15:23:17,2687.0,50,335750
20231228,15:23:19,2687.0,100,335750
20231228,15:23:20,2686.15,100,335750
20231228,15:23:23,2680.0,150,335750
20231228,15:23:50,2685.9,100,335750
20231228,15:24:11,2690.0,1700,335750
20231228,15:24:12,2690.0,2600,335750
20231228,15:24:13,2690.0,800,335750
20231228,15:24:24,2696.6,50,335750
20231228,15:24:59,2696.9,100,335750
20231228,15:25:03,2692.15,100,341100
20231228,15:25:04,2692.0,200,341100
20231228,15:25:05,2689.95,50,341100
20231228,15:25:10,2680.0,400,341100
20231228,15:25:11,2680.0,400,341100
20231228,15:25:13,2680.0,100,341100
20231228,15:25:18,2675.0,850,341100
20231228,15:25:19,2675.0,1550,341100
20231228,15:25:20,2675.0,800,341100
20231228,15:25:21,2675.0,1150,341100
20231228,15:25:22,2675.0,250,341100
20231228,15:25:23,2675.0,200,341100
20231228,15:25:25,2673.0,100,341100
20231228,15:25:26,2675.0,100,341100
20231228,15:25:28,2675.0,300,341100
20231228,15:25:53,2691.45,50,341100
20231228,15:25:59,2690.5,50,341100
20231228,15:26:03,2690.25,50,341100
20231228,15:26:04,2689.95,50,341100
20231228,15:26:05,2690.45,50,341100
20231228,15:26:08,2691.1,50,341100
20231228,15:26:09,2690.85,150,341100
20231228,15:26:10,2691.25,50,341100
20231228,15:26:13,2692.55,50,341100
20231228,15:26:17,2693.2,50,341100
20231228,15:26:18,2692.45,50,341100
20231228,15:26:28,2697.95,50,341100
20231228,15:26:35,2697.6,550,341100
20231228,15:26:37,2698.45,50,341100
20231228,15:26:38,2698.9,50,341100
20231228,15:26:45,2700.95,150,341100
20231228,15:26:46,2701.05,50,341100
20231228,15:26:48,2700.55,50,341100
20231228,15:26:49,2701.4,50,341100
20231228,15:26:55,2700.9,150,341100
20231228,15:26:59,2700.0,200,341100
20231228,15:27:00,2698.25,50,341100
20231228,15:27:10,2696.4,100,341100
20231228,15:27:11,2695.7,150,341100
20231228,15:27:17,2692.2,100,341100
20231228,15:27:18,2695.2,50,341100
20231228,15:28:21,2685.95,50,347400
20231228,15:28:59,2684.05,50,347400
20231228,15:29:26,2689.6,100,347400
20231228,15:29:31,2689.65,50,347400
20231228,15:29:36,2694.45,100,347400
20231228,15:29:40,2685.95,50,347400
20231228,15:29:45,2686.85,50,347400
20231229,09:15:22,2727.0,1,347400
20231229,09:15:22,2727.0,50,347400
20231229,09:16:32,2750.95,50,347450
20231229,09:16:54,2753.95,150,347450
20231229,09:16:56,2755.0,50,347450
20231229,09:16:59,2756.0,50,347450
20231229,09:17:00,2756.0,50,347450
20231229,09:17:02,2755.05,100,347450
20231229,09:18:20,2758.85,50,347550
20231229,09:18:45,2758.85,50,347550
20231229,09:18:59,2759.9,100,347550
20231229,09:19:05,2762.95,50,347550
20231229,09:19:06,2762.95,50,347550
20231229,09:20:54,2762.95,50,347550
20231229,09:21:28,2751.45,50,347550
20231229,09:21:42,2753.5,50,347550
20231229,09:22:53,2748.8,300,347550
20231229,09:22:56,2749.35,100,347550
20231229,09:23:00,2745.0,50,347550
20231229,09:23:31,2745.0,50,347550
20231229,09:23:53,2740.55,100,347550
20231229,09:23:54,2740.15,100,347550
20231229,09:23:57,2740.8,100,347550
20231229,09:24:13,2735.5,50,347550
20231229,09:24:18,2734.9,50,347550
20231229,09:24:19,2734.8,100,347550
20231229,09:24:40,2740.0,50,347550
20231229,09:26:05,2736.8,100,347550
20231229,09:26:23,2739.0,50,347550
20231229,09:26:54,2737.05,100,347600
20231229,09:27:01,2738.2,200,347600
20231229,09:27:24,2736.65,100,347600
20231229,09:27:32,2731.85,250,347600
20231229,09:27:40,2732.95,50,347600
20231229,09:30:59,2726.0,50,347500
20231229,09:31:00,2721.65,50,347500
20231229,09:31:35,2721.5,50,347500
20231229,09:33:05,2713.65,150,347550
20231229,09:33:18,2716.65,100,347550
20231229,09:33:55,2716.85,50,347550
20231229,09:34:05,2714.15,50,347550
20231229,09:34:45,2707.8,50,347550
20231229,09:34:46,2707.8,50,347550
20231229,09:35:43,2707.8,50,347550
20231229,09:36:09,2712.4,50,347550
20231229,09:37:15,2700.0,500,347550
20231229,09:37:30,2700.0,50,347550
20231229,09:37:45,2700.0,100,347550
20231229,09:38:43,2733.35,1600,348200
20231229,09:38:44,2734.5,450,348200
20231229,09:38:45,2734.15,50,348200
20231229,09:38:46,2733.55,250,348200
20231229,09:38:47,2733.2,50,348200
20231229,09:38:49,2731.4,50,348200
20231229,09:38:54,2736.55,200,348200
20231229,09:38:55,2732.4,200,348200
20231229,09:38:57,2732.5,150,348200
20231229,09:39:00,2731.6,50,348200
20231229,09:39:02,2732.75,100,348200
20231229,09:39:04,2732.3,150,348200
20231229,09:39:12,2737.3,50,348200
20231229,09:39:17,2736.25,50,348200
20231229,09:39:18,2735.0,100,348200
20231229,09:39:21,2735.7,100,348200
20231229,09:39:29,2738.45,50,348200
20231229,09:39:35,2742.8,100,348200
20231229,09:39:38,2740.2,50,348200
20231229,09:39:40,2740.55,50,348200
20231229,09:39:42,2740.0,200,348200
20231229,09:39:45,2741.25,50,348200
20231229,09:39:55,2739.95,50,348200
20231229,09:40:00,2741.65,50,348200
20231229,09:40:05,2740.0,100,348200
20231229,09:40:06,2740.85,150,348200
20231229,09:40:08,2741.0,100,348200
20231229,09:40:10,2744.65,100,348200
20231229,09:40:48,2744.35,50,348200
20231229,09:40:51,2746.6,100,348200
20231229,09:41:17,2744.85,50,350250
20231229,09:41:18,2744.8,50,350250
20231229,09:41:19,2744.75,50,350250
20231229,09:41:26,2750.0,100,350250
20231229,09:41:53,2750.2,50,350250
20231229,09:41:57,2750.55,50,350250
20231229,09:42:01,2751.45,50,350250
20231229,09:42:03,2754.15,100,350250
20231229,09:43:25,2754.15,50,350250
20231229,09:44:00,2757.9,50,350250
20231229,09:44:06,2758.4,100,350250
20231229,09:44:14,2757.9,50,350250
20231229,09:44:20,2761.05,100,350950
20231229,09:45:05,2755.8,100,350950
20231229,09:45:16,2757.9,50,350950
20231229,09:45:17,2750.0,50,350950
20231229,09:45:57,2756.55,50,350950
20231229,09:46:06,2761.9,50,350950
20231229,09:47:25,2763.85,50,350950
20231229,09:48:01,2763.85,50,351400
20231229,09:48:58,2757.55,50,351400
20231229,09:51:17,2762.95,50,351550
20231229,09:55:58,2762.0,50,351600
20231229,09:58:15,2769.05,50,351650
20231229,10:06:18,2769.05,50,351650
20231229,10:07:56,2784.95,50,351650
20231229,10:08:19,2786.7,100,351700
20231229,10:09:14,2791.1,50,351700
20231229,10:09:18,2793.7,50,351700
20231229,10:11:00,2795.35,50,351700
20231229,10:11:13,2803.35,50,351700
20231229,10:11:46,2803.35,50,351750
20231229,10:13:07,2800.2,50,351750
20231229,10:17:05,2812.1,50,351800
20231229,10:17:26,2812.1,50,351800
20231229,10:18:58,2800.0,50,351800
20231229,10:19:45,2800.45,100,351800
20231229,10:21:43,2789.9,250,352000
20231229,10:22:21,2786.4,50,352000
20231229,10:22:23,2787.35,50,352000
20231229,10:22:38,2790.0,150,352000
20231229,10:22:59,2791.45,50,352000
20231229,10:23:00,2791.45,50,352000
20231229,10:23:08,2795.0,50,352000
20231229,10:23:24,2791.1,100,352600
20231229,10:24:07,2780.25,50,352600
20231229,10:24:14,2774.95,50,352600
20231229,10:24:17,2775.95,50,352600
20231229,10:24:29,2780.0,100,352600
20231229,10:26:03,2770.0,250,352600
20231229,10:26:40,2777.7,50,353150
20231229,10:27:45,2775.0,150,353150
20231229,10:28:57,2775.0,50,353150
20231229,10:28:59,2775.0,50,353150
20231229,10:29:17,2775.0,100,353150
20231229,10:29:29,2775.0,100,353550
20231229,10:30:39,2774.75,50,353550
20231229,10:32:00,2760.0,50,353550
20231229,10:32:33,2764.45,100,353750
20231229,10:32:40,2765.6,50,353750
20231229,10:32:45,2765.0,350,353750
20231229,10:33:31,2764.95,50,353750
20231229,10:33:58,2760.0,300,353750
20231229,10:34:13,2760.0,50,353750
20231229,10:34:52,2760.0,250,353750
20231229,10:34:56,2760.0,50,353750
20231229,10:35:32,2763.8,50,354950
20231229,10:36:20,2760.0,50,354950
20231229,10:36:21,2760.0,50,354950
20231229,10:36:22,2760.0,50,354950
20231229,10:36:26,2760.0,150,354950
20231229,10:36:35,2760.0,100,354950
20231229,10:36:39,2760.0,50,354950
20231229,10:37:26,2755.0,450,354950
20231229,10:38:26,2755.0,250,354950
20231229,10:38:28,2755.0,250,355900
20231229,10:39:22,2747.2,50,355900
20231229,10:39:44,2750.0,200,355900
20231229,10:43:15,2754.95,50,356600
20231229,10:43:17,2755.0,50,356600
20231229,10:43:21,2755.0,700,356600
20231229,10:44:33,2755.0,750,357400
20231229,10:46:38,2750.0,750,357400
20231229,10:47:24,2750.0,50,358900
20231229,10:47:36,2750.0,50,358900
20231229,10:47:59,2759.7,50,358900
20231229,10:48:25,2757.6,50,358900
20231229,10:49:09,2760.0,100,358900
20231229,10:49:10,2760.0,50,358900
20231229,10:50:34,2760.0,400,359250
20231229,10:50:39,2760.0,50,359250
20231229,10:50:47,2760.0,50,359250
20231229,10:50:49,2760.0,50,359250
20231229,10:52:09,2767.95,50,359250
20231229,10:52:25,2768.05,50,359250
20231229,10:52:40,2769.5,300,359250
20231229,10:53:10,2765.0,500,359250
20231229,10:56:21,2774.2,50,359250
20231229,10:57:45,2770.0,100,360700
20231229,10:57:52,2770.0,100,360700
20231229,10:58:39,2770.0,200,360700
20231229,11:01:10,2775.0,100,361100
20231229,11:01:30,2775.0,300,361100
20231229,11:03:33,2783.0,100,361500
20231229,11:03:41,2783.45,50,361500
20231229,11:04:15,2780.0,300,361500
20231229,11:04:18,2780.0,100,361500
20231229,11:05:02,2783.2,50,361500
20231229,11:05:14,2782.5,50,361500
20231229,11:05:15,2807.2,100,361500
20231229,11:05:38,2783.35,50,362150
20231229,11:07:25,2784.4,50,362150
20231229,11:07:30,2784.75,50,362150
20231229,11:07:40,2782.0,50,362150
20231229,11:07:42,2781.25,100,362150
20231229,11:08:13,2804.65,400,362150
20231229,11:08:14,2781.1,100,362150
20231229,11:08:15,2781.1,50,362150
20231229,11:09:06,2779.95,50,362550
20231229,11:09:09,2779.0,400,362550
20231229,11:09:47,2780.0,450,362550
20231229,11:09:50,2780.0,50,362550
20231229,11:09:59,2780.0,50,362550
20231229,11:10:03,2780.0,200,362550
20231229,11:10:14,2780.0,100,362550
20231229,11:10:16,2780.0,50,362550
20231229,11:10:39,2778.95,50,362550
20231229,11:10:51,2807.1,150,362550
20231229,11:10:59,2783.9,50,362550
20231229,11:11:30,2785.0,100,363900
20231229,11:11:31,2785.0,50,363900
20231229,11:11:32,2785.0,50,363900
20231229,11:11:34,2785.0,50,363900
20231229,11:11:36,2785.0,50,363900
20231229,11:13:18,2768.0,100,363900
20231229,11:13:19,2768.0,50,363900
20231229,11:13:40,2760.0,350,363900
20231229,11:16:15,2767.7,150,364550
20231229,11:16:20,2770.35,50,364550
20231229,11:16:21,2770.35,50,364550
20231229,11:16:39,2770.0,250,364550
20231229,11:16:53,2769.95,250,364550
20231229,11:16:55,2769.0,50,364550
20231229,11:17:01,2769.0,300,364550
20231229,11:17:24,2769.55,100,364550
20231229,11:18:50,2755.0,100,365150
20231229,11:19:53,2753.0,50,365150
20231229,11:20:00,2750.4,50,365150
20231229,11:20:17,2749.45,50,365150
20231229,11:20:22,2749.0,50,365150
20231229,11:20:23,2745.0,100,365150
20231229,11:20:24,2745.0,50,365150
20231229,11:20:30,2745.0,50,365400
20231229,11:22:53,2755.0,50,365400
20231229,11:22:59,2755.0,250,365400
20231229,11:23:40,2755.0,150,365400
20231229,11:23:54,2755.0,50,365750
20231229,11:25:51,2757.4,500,365750
20231229,11:27:01,2750.0,400,366400
20231229,11:28:00,2760.95,50,366400
20231229,11:28:31,2750.0,150,366400
20231229,11:28:35,2750.0,150,366400
20231229,11:28:55,2750.0,300,366400
20231229,11:29:26,2750.0,250,366400
20231229,11:29:30,2750.0,150,367700
20231229,11:29:38,2750.0,200,367700
20231229,11:30:40,2750.0,600,367700
20231229,11:31:05,2750.0,150,367700
20231229,11:36:03,2740.0,700,368800
20231229,11:37:43,2740.0,200,368800
20231229,11:38:05,2740.0,300,368800
20231229,11:39:27,2740.0,500,370000
20231229,11:40:03,2740.0,350,370000
20231229,11:41:22,2755.0,300,370000
20231229,11:41:24,2752.55,150,370000
20231229,11:42:34,2740.0,350,371150
20231229,11:43:09,2745.0,250,371150
20231229,11:43:10,2745.0,200,371150
20231229,11:43:15,2745.0,300,371150
20231229,11:44:37,2745.0,250,372250
20231229,11:46:59,2750.0,200,372250
20231229,11:48:01,2750.0,100,372700
20231229,11:48:55,2755.0,100,372700
20231229,11:49:14,2755.0,50,372700
20231229,11:52:34,2750.0,150,372950
20231229,11:58:26,2750.0,50,373100
20231229,11:58:53,2737.6,50,373100
20231229,11:59:49,2737.65,50,373200
20231229,11:59:59,2738.0,50,373200
20231229,12:00:01,2737.65,100,373200
20231229,12:00:02,2737.65,50,373200
20231229,12:00:36,2748.95,50,373200
20231229,12:00:36,2749.0,50,373200
20231229,12:00:37,2749.0,50,373200
20231229,12:00:38,2749.0,50,373200
20231229,12:06:25,2745.0,50,373200
20231229,12:06:46,2756.05,400,373550
20231229,12:07:24,2754.75,400,373550
20231229,12:10:14,2748.9,50,373500
20231229,12:10:30,2749.05,100,373500
20231229,12:12:29,2733.0,100,373500
20231229,12:12:37,2737.2,150,373500
20231229,12:12:52,2738.1,50,373500
20231229,12:13:00,2738.75,150,373500
20231229,12:13:53,2737.95,50,373500
20231229,12:14:08,2738.2,50,373500
20231229,12:14:45,2740.2,100,374000
20231229,12:15:45,2735.5,50,374000
20231229,12:16:30,2743.4,50,374000
20231229,12:16:53,2732.95,150,374000
20231229,12:17:08,2735.65,50,374000
20231229,12:18:01,2746.8,50,374400
20231229,12:18:19,2746.7,100,374400
20231229,12:18:21,2746.55,50,374400
20231229,12:19:06,2744.9,50,374400
20231229,12:19:53,2733.2,50,374400
20231229,12:20:50,2730.0,50,374550
20231229,12:20:53,2730.0,50,374550
20231229,12:21:41,2730.2,100,374550
20231229,12:21:57,2728.0,50,374550
20231229,12:22:03,2728.0,50,374550
20231229,12:27:14,2735.0,50,374850
20231229,12:27:22,2730.0,50,374850
20231229,12:27:29,2730.1,100,374850
20231229,12:29:05,2735.0,250,374850
20231229,12:29:48,2735.65,50,375300
20231229,12:30:07,2740.0,600,375300
20231229,12:30:08,2740.0,400,375300
20231229,12:30:55,2750.0,50,375300
20231229,12:31:05,2755.0,200,375300
20231229,12:31:13,2755.0,50,375300
20231229,12:32:12,2750.0,250,375300
20231229,12:32:19,2750.0,100,375300
20231229,12:32:44,2750.0,250,377000
20231229,12:32:59,2750.0,50,377000
20231229,12:33:15,2756.25,100,377000
20231229,12:34:10,2750.0,650,377000
20231229,12:35:01,2750.0,50,377000
20231229,12:35:11,2750.0,50,377000
20231229,12:35:12,2750.0,50,377000
20231229,12:35:13,2750.0,50,377000
20231229,12:35:15,2750.0,50,377000
20231229,12:35:22,2750.0,250,377000
20231229,12:35:28,2750.0,50,377000
20231229,12:35:29,2750.0,50,377000
20231229,12:35:30,2750.0,50,377000
20231229,12:35:31,2750.0,50,377000
20231229,12:36:08,2750.0,50,378650
20231229,12:36:39,2750.0,100,378650
20231229,12:36:49,2752.0,50,378650
20231229,12:37:01,2752.0,50,378650
20231229,12:37:39,2752.0,100,378650
20231229,12:37:46,2752.0,100,378650
20231229,12:37:54,2752.0,100,378650
20231229,12:38:09,2755.0,300,378650
20231229,12:38:54,2752.0,300,379500
20231229,12:39:18,2761.25,50,379500
20231229,12:39:26,2760.0,50,379500
20231229,12:39:34,2760.0,150,379500
20231229,12:39:43,2760.0,100,379500
20231229,12:40:17,2765.0,150,379500
20231229,12:40:25,2766.0,150,379500
20231229,12:40:34,2770.0,50,379500
20231229,12:43:18,2765.0,300,380450
20231229,12:43:19,2765.0,50,380450
20231229,12:44:13,2778.65,50,380450
20231229,12:44:53,2770.0,350,380800
20231229,12:46:27,2770.0,350,380800
20231229,12:47:41,2772.0,50,381500
20231229,12:47:43,2765.0,350,381500
20231229,12:47:45,2765.0,300,381500
20231229,12:47:46,2765.0,50,381500
20231229,12:48:11,2765.0,350,381500
20231229,12:48:26,2775.0,100,381500
20231229,12:48:53,2770.0,350,381500
20231229,12:48:55,2770.0,350,381500
20231229,12:49:20,2765.0,300,381500
20231229,12:49:21,2765.0,250,381500
20231229,12:49:23,2765.0,150,381500
20231229,12:49:52,2765.0,100,381500
20231229,12:50:48,2770.0,100,384050
20231229,12:50:53,2770.0,50,384050
20231229,12:51:22,2772.05,50,384050
20231229,12:51:33,2772.7,50,384050
20231229,12:52:06,2770.0,50,384050
20231229,12:52:09,2770.0,50,384050
20231229,12:52:11,2770.0,50,384050
20231229,12:52:34,2772.0,400,384050
20231229,12:53:01,2775.0,300,384050
20231229,12:53:45,2765.0,50,384050
20231229,12:53:52,2765.0,50,385150
20231229,12:54:00,2765.0,50,385150
20231229,12:54:35,2765.0,300,385150
20231229,12:55:00,2765.0,50,385150
20231229,12:55:18,2765.0,200,385150
20231229,12:55:25,2765.0,50,385150
20231229,12:55:29,2765.0,50,385150
20231229,12:55:57,2770.0,50,385150
20231229,12:56:00,2770.0,50,385150
20231229,12:56:02,2770.0,50,385150
20231229,12:56:06,2770.0,50,385150
20231229,12:57:12,2765.0,250,386150
20231229,12:57:15,2765.0,200,386150
20231229,12:57:16,2765.0,50,386150
20231229,12:57:17,2765.0,250,386150
20231229,12:57:18,2765.0,250,386150
20231229,12:57:23,2765.0,250,386150
20231229,12:58:34,2768.0,500,386150
20231229,12:58:42,2767.95,200,386150
20231229,12:58:58,2768.0,500,386150
20231229,12:59:42,2770.0,50,388500
20231229,12:59:49,2770.0,150,388500
20231229,12:59:54,2775.95,50,388500
20231229,12:59:59,2775.0,50,388500
20231229,13:01:04,2765.0,250,388500
20231229,13:01:05,2765.0,450,388500
20231229,13:01:47,2765.0,350,388500
20231229,13:01:50,2765.0,350,388500
20231229,13:06:25,2755.0,400,390100
20231229,13:06:48,2759.65,100,390100
20231229,13:07:41,2763.0,50,390100
20231229,13:08:14,2760.0,200,390100
20231229,13:08:51,2758.0,50,390700
20231229,13:09:33,2758.0,350,390700
20231229,13:10:56,2765.0,350,390700
20231229,13:11:36,2767.95,50,390700
20231229,13:12:57,2762.0,350,391500
20231229,13:13:55,2755.0,400,391500
20231229,13:14:09,2755.15,50,391500
20231229,13:14:36,2752.0,150,391500
20231229,13:14:45,2752.0,50,392450
20231229,13:15:35,2745.0,250,392450
20231229,13:15:36,2745.0,100,392450
20231229,13:18:06,2742.0,300,392850
20231229,13:18:14,2742.0,50,392850
20231229,13:21:03,2752.0,100,393200
20231229,13:22:17,2752.0,100,393200
20231229,13:22:25,2752.0,100,393200
20231229,13:22:33,2752.0,100,393200
20231229,13:22:40,2752.0,100,393200
20231229,13:22:48,2752.75,150,393200
20231229,13:32:26,2776.3,50,393800
20231229,13:32:43,2770.0,300,393800
20231229,13:33:26,2760.0,150,394150
20231229,13:33:27,2760.0,350,394150
20231229,13:35:02,2770.0,450,394150
20231229,13:36:38,2765.0,150,395100
20231229,13:39:06,2770.0,750,395250
20231229,13:39:58,2775.0,250,395250
20231229,13:43:15,2765.0,100,396250
20231229,13:43:22,2765.0,300,396250
20231229,13:45:00,2760.0,400,396650
20231229,13:46:09,2764.9,50,396650
20231229,13:46:33,2765.0,50,396650
20231229,13:46:41,2764.45,150,396650
20231229,13:46:49,2763.25,200,396650
20231229,13:47:22,2750.0,300,396650
20231229,13:47:46,2763.9,50,396650
20231229,13:47:56,2763.0,300,397600
20231229,13:48:36,2760.0,150,397600
20231229,13:48:37,2760.0,150,397600
20231229,13:51:17,2760.0,50,398200
20231229,13:54:21,2755.0,150,398250
20231229,13:54:29,2760.0,650,398250
20231229,13:54:45,2760.0,200,398250
20231229,13:55:55,2755.0,300,398250
20231229,13:56:03,2755.0,450,398250
20231229,13:56:47,2755.0,750,398250
20231229,14:04:22,2755.0,50,400750
20231229,14:05:34,2758.0,50,400750
20231229,14:05:41,2757.8,450,400750
20231229,14:06:25,2755.0,600,401250
20231229,14:08:22,2760.0,50,401250
20231229,14:27:20,2808.5,50,401900
20231229,14:27:43,2808.0,50,401900
20231229,14:28:43,2807.05,50,401900
20231229,14:28:48,2807.0,200,401900
20231229,14:30:36,2800.0,100,401850
20231229,14:47:27,2773.0,50,401850
20231229,14:48:40,2770.35,50,401800
20231229,14:58:23,2747.95,150,401800
20231229,15:01:59,2728.6,50,401800
20231229,15:02:00,2728.8,50,401800
20231229,15:02:46,2745.0,50,401800
20231229,15:03:19,2742.8,50,401850
20231229,15:03:21,2743.2,50,401850
20231229,15:03:58,2743.8,50,401850
20231229,15:04:00,2744.8,50,401850
20231229,15:06:27,2760.5,50,401850
20231229,15:07:31,2746.0,50,401850
20231229,15:07:53,2754.7,100,401850
20231229,15:07:57,2754.65,50,401850
20231229,15:07:59,2754.55,150,401850
20231229,15:08:00,2755.2,50,401850
20231229,15:08:01,2757.05,100,401850
20231229,15:08:16,2754.4,100,401850
20231229,15:08:18,2755.35,100,401850
20231229,15:08:19,2755.95,50,401850
20231229,15:08:22,2753.95,100,401850
20231229,15:08:23,2757.35,50,401850
20231229,15:08:26,2757.35,50,401850
20231229,15:08:27,2757.4,50,401850
20231229,15:08:30,2759.7,50,401850
20231229,15:08:33,2760.65,50,401850
20231229,15:08:47,2762.85,50,401850
20231229,15:08:51,2765.2,50,401850
20231229,15:08:52,2765.55,50,401850
20231229,15:08:59,2764.95,50,401850
20231229,15:09:07,2763.85,50,402050
20231229,15:09:15,2765.1,50,402050
20231229,15:09:16,2767.1,50,402050
20231229,15:09:19,2767.65,50,402050
20231229,15:09:20,2771.25,100,402050
20231229,15:09:42,2767.05,50,402050
20231229,15:09:45,2767.35,50,402050
20231229,15:09:47,2767.85,50,402050
20231229,15:09:49,2767.8,50,402050
20231229,15:09:54,2768.3,50,402050
20231229,15:10:00,2763.5,100,402050
20231229,15:10:06,2763.8,50,402050
20231229,15:10:10,2764.25,50,402050
20231229,15:10:12,2765.15,50,402050
20231229,15:10:15,2766.0,50,402050
20231229,15:10:23,2768.05,50,402050
20231229,15:10:24,2769.2,100,402050
20231229,15:10:25,2770.8,150,402050
20231229,15:10:30,2771.35,50,402050
20231229,15:10:40,2771.4,100,402050
20231229,15:10:47,2767.2,50,402050
20231229,15:10:56,2766.8,50,402050
20231229,15:10:58,2767.7,50,402050
20231229,15:11:01,2765.5,50,402050
20231229,15:11:27,2763.2,50,402050
20231229,15:11:32,2764.1,50,402050
20231229,15:11:37,2763.75,50,402050
20231229,15:11:44,2766.1,50,402050
20231229,15:11:51,2765.45,50,402050
20231229,15:11:56,2766.6,50,402050
20231229,15:12:00,2767.15,50,402050
20231229,15:12:12,2768.85,50,402100
20231229,15:12:27,2769.05,50,402100
20231229,15:12:29,2770.8,50,402100
20231229,15:12:42,2773.65,50,402100
20231229,15:12:55,2776.65,50,402100
20231229,15:13:00,2780.05,50,402100
20231229,15:13:16,2774.0,50,402100
20231229,15:13:23,2775.15,50,402100
20231229,15:13:31,2777.7,50,402100
20231229,15:13:35,2779.45,50,402100
20231229,15:13:47,2775.65,50,402100
20231229,15:13:57,2775.1,50,402100
20231229,15:14:04,2775.1,50,402100
20231229,15:14:08,2775.65,50,402100
20231229,15:14:09,2776.95,50,402100
20231229,15:14:13,2778.4,50,402100
20231229,15:14:19,2778.85,50,402100
20231229,15:14:26,2780.15,50,402100
20231229,15:14:30,2775.55,150,402100
20231229,15:15:07,2774.0,200,402100
20231229,15:15:10,2771.45,50,402100
20231229,15:15:11,2771.1,50,402100
20231229,15:15:15,2773.15,50,402100
20231229,15:15:24,2764.65,50,402100
20231229,15:15:25,2768.8,100,402100
20231229,15:15:27,2769.9,100,402100
20231229,15:15:29,2770.8,50,402100
20231229,15:15:30,2771.45,50,402100
20231229,15:15:37,2763.25,100,402100
20231229,15:15:42,2767.45,50,402100
20231229,15:15:46,2767.95,100,402100
20231229,15:15:50,2766.7,50,402100
20231229,15:15:58,2773.1,100,402100
20231229,15:16:00,2768.85,50,402100
20231229,15:16:02,2770.4,50,402100
20231229,15:16:08,2772.75,100,402100
20231229,15:16:25,2770.6,50,402100
20231229,15:16:27,2770.45,50,402100
20231229,15:16:32,2772.0,150,402100
20231229,15:16:41,2770.1,50,402100
20231229,15:16:46,2769.9,50,402100
20231229,15:16:49,2769.75,200,402100
20231229,15:16:54,2771.65,50,402100
20231229,15:17:01,2771.35,50,402100
20231229,15:17:13,2771.0,50,402100
20231229,15:17:18,2772.6,50,402100
20231229,15:17:20,2773.2,50,402100
20231229,15:17:32,2774.85,50,402100
20231229,15:17:37,2773.6,50,402100
20231229,15:17:41,2773.75,50,402100
20231229,15:17:42,2776.0,50,402100
20231229,15:18:01,2777.4,50,402550
20231229,15:18:12,2776.35,100,402550
20231229,15:19:02,2778.0,50,402550
20231229,15:19:08,2778.85,50,402550
20231229,15:19:14,2782.0,50,402550
20231229,15:19:15,2784.1,250,402550
20231229,15:19:17,2782.95,150,402550
20231229,15:19:19,2783.6,50,402550
20231229,15:19:20,2784.3,100,402550
20231229,15:19:21,2780.0,150,402550
20231229,15:19:22,2785.8,50,402550
20231229,15:19:22,2785.55,50,402550
20231229,15:19:25,2785.75,50,402550
20231229,15:19:26,2785.75,50,402550
20231229,15:19:28,2785.75,50,402550
20231229,15:19:29,2787.95,200,402550
20231229,15:19:31,2785.8,50,402550
20231229,15:19:33,2786.15,100,402550
20231229,15:19:38,2783.8,50,402550
20231229,15:19:41,2783.8,50,402550
20231229,15:19:42,2785.25,100,402550
20231229,15:19:45,2785.45,50,402550
20231229,15:19:48,2785.35,50,402550
20231229,15:19:50,2785.35,50,402550
20231229,15:19:52,2785.95,100,402550
20231229,15:20:00,2785.9,100,402550
20231229,15:20:02,2786.7,50,402550
20231229,15:20:05,2785.95,100,402550
20231229,15:20:14,2787.0,100,402550
20231229,15:20:24,2787.2,100,402550
20231229,15:20:28,2787.0,50,402550
20231229,15:20:29,2788.3,100,402550
20231229,15:20:32,2788.75,100,402550
20231229,15:20:37,2790.1,50,402550
20231229,15:20:39,2790.1,50,402550
20231229,15:20:40,2790.65,150,402550
20231229,15:20:41,2791.9,100,402550
20231229,15:20:45,2790.15,50,402550
20231229,15:20:46,2793.4,150,402550
20231229,15:20:49,2792.75,50,402550
20231229,15:20:57,2794.45,50,402550
20231229,15:20:59,2794.7,50,402550
20231229,15:21:04,2793.7,100,403200
20231229,15:21:07,2792.95,50,403200
20231229,15:21:15,2791.45,50,403200
20231229,15:21:27,2787.65,150,403200
20231229,15:21:29,2787.2,50,403200
20231229,15:21:44,2784.95,50,403200
20231229,15:21:53,2784.95,50,403200
20231229,15:21:58,2784.45,50,403200
20231229,15:22:03,2784.45,50,403200
20231229,15:22:04,2785.7,150,403200
20231229,15:22:06,2785.0,50,403200
20231229,15:22:50,2782.8,50,403200
20231229,15:22:55,2783.5,50,403200
20231229,15:22:59,2782.25,100,403200
20231229,15:23:01,2783.8,50,403200
20231229,15:23:06,2785.4,50,403200
20231229,15:23:19,2785.35,50,403200
20231229,15:24:07,2791.95,100,403200
20231229,15:27:06,2790.55,50,403500
20231229,15:27:06,2791.15,50,403500
20231229,15:27:08,2791.15,50,403500
20231229,15:27:20,2788.4,50,403500
20231229,15:27:36,2787.1,50,403500
20231229,15:27:42,2785.9,50,403500
20231229,15:27:54,2779.55,50,403500
20231229,15:27:55,2778.95,150,403500
20231229,15:27:56,2778.3,150,403500
20231229,15:27:57,2779.15,100,403500
20231229,15:27:58,2778.3,50,403500
20231229,15:27:59,2781.25,50,403500
20231229,15:28:01,2782.4,50,403500
20231229,15:28:03,2782.45,50,403500
20231229,15:28:07,2783.15,100,403500
20231229,15:28:42,2780.0,50,403500
20231229,15:28:44,2780.0,50,403500
20231229,15:28:53,2780.0,50,403500
20231229,15:29:09,2780.0,50,403500
20231229,15:29:30,2795.65,100,403500
20240101,09:16:54,2835.15,1,394300
20240101,09:16:54,2834.5,300,394300
20240101,09:16:55,2834.5,100,394300
20240101,09:33:57,2832.65,200,394400
20240101,09:53:07,2799.65,50,394450
20240101,09:53:31,2799.65,150,394450
20240101,09:53:42,2796.15,100,394450
20240101,10:02:52,2782.15,100,394350
20240101,10:32:39,2782.15,50,394450
20240101,10:34:05,2806.4,50,394450
20240101,10:34:49,2800.0,50,394450
20240101,10:35:45,2806.3,50,394550
20240101,10:37:56,2800.0,100,394550
20240101,10:38:41,2800.0,100,394550
20240101,10:39:52,2800.0,100,394550
20240101,10:40:07,2800.0,200,394550
20240101,10:40:59,2795.25,50,394550
20240101,10:41:34,2790.0,50,394400
20240101,10:42:44,2806.3,500,394400
20240101,10:43:17,2802.25,300,394400
20240101,10:43:58,2790.0,100,394400
20240101,10:44:52,2795.3,50,394000
20240101,10:45:10,2790.0,150,394000
20240101,10:45:36,2796.15,50,394000
20240101,10:46:02,2790.05,200,394000
20240101,10:46:19,2800.55,250,394000
20240101,10:46:27,2796.55,50,394000
20240101,10:46:35,2790.0,150,394000
20240101,10:47:18,2785.0,250,394000
20240101,10:47:51,2795.35,100,394600
20240101,10:48:33,2790.0,200,394600
20240101,10:48:41,2790.0,100,394600
20240101,10:48:59,2785.0,100,394600
20240101,10:50:02,2785.0,250,394600
20240101,10:51:14,2780.0,150,394750
20240101,10:52:36,2780.0,300,394750
20240101,10:52:57,2777.55,100,394750
20240101,10:53:16,2777.55,150,394750
20240101,10:54:02,2777.15,400,395300
20240101,10:55:19,2777.15,150,395300
20240101,10:55:35,2775.0,350,395300
20240101,10:56:14,2775.0,400,395300
20240101,10:56:45,2775.0,400,396500
20240101,10:57:14,2775.0,400,396500
20240101,10:58:27,2775.0,400,396500
20240101,10:58:50,2775.0,50,396500
20240101,10:59:59,2790.05,200,397700
20240101,11:00:20,2775.0,400,397700
20240101,11:00:35,2774.95,450,397700
20240101,11:00:43,2786.65,50,397700
20240101,11:01:27,2775.0,50,397700
20240101,11:01:50,2774.95,50,397700
20240101,11:01:53,2770.0,400,397700
20240101,11:01:54,2770.95,100,397700
20240101,11:02:34,2785.05,200,397700
20240101,11:02:50,2775.0,200,399100
20240101,11:02:57,2770.0,200,399100
20240101,11:03:30,2793.65,50,399100
20240101,11:03:31,2793.65,50,399100
20240101,11:03:33,2794.4,300,399100
20240101,11:03:47,2785.0,50,399100
20240101,11:03:48,2785.0,50,399100
20240101,11:03:50,2785.0,150,399100
20240101,11:03:52,2785.0,100,399100
20240101,11:03:53,2785.0,50,399100
20240101,11:04:21,2798.65,250,399100
20240101,11:06:02,2785.0,400,399900
20240101,11:07:04,2793.35,50,399900
20240101,11:07:11,2793.35,50,399900
20240101,11:08:26,2780.0,400,399900
20240101,11:09:48,2788.55,100,400600
20240101,11:10:09,2780.0,200,400600
20240101,11:10:17,2780.0,150,400600
20240101,11:10:25,2779.0,150,400600
20240101,11:11:37,2780.7,200,401000
20240101,11:12:28,2780.0,200,401000
20240101,11:13:09,2780.35,200,401000
20240101,11:13:38,2780.0,200,401000
20240101,11:14:16,2780.0,50,401000
20240101,11:14:31,2779.15,50,401000
20240101,11:15:07,2778.9,50,401900
20240101,11:16:05,2778.9,50,401900
20240101,11:16:41,2780.0,50,401900
20240101,11:21:06,2782.0,50,402050
20240101,11:23:18,2778.0,50,402050
20240101,11:23:54,2788.4,400,402100
20240101,11:26:59,2783.7,50,402200
20240101,11:28:54,2783.65,50,402200
20240101,11:28:55,2785.7,100,402200
20240101,11:30:15,2780.35,50,402200
20240101,11:46:27,2796.65,100,402200
20240101,11:47:30,2794.2,200,402200
20240101,11:49:12,2797.35,100,401900
20240101,11:49:52,2794.95,50,401900
20240101,11:50:06,2796.05,50,401900
20240101,11:51:14,2791.2,50,401900
20240101,11:51:58,2790.7,50,401900
20240101,11:52:06,2792.4,150,401900
20240101,11:52:13,2795.3,350,401900
20240101,11:52:20,2795.55,400,401900
20240101,11:52:42,2791.55,150,401900
20240101,11:52:49,2794.1,50,401900
20240101,11:53:33,2792.55,200,401900
20240101,11:53:41,2791.55,200,401900
20240101,11:53:49,2791.55,100,401850
20240101,11:53:57,2791.55,50,401850
20240101,11:54:04,2791.55,100,401850
20240101,11:54:18,2792.35,100,401850
20240101,11:54:25,2792.6,50,401850
20240101,11:54:47,2793.65,50,401850
20240101,11:54:54,2799.95,100,401850
20240101,11:55:18,2793.6,50,401850
20240101,11:55:33,2794.45,50,401850
20240101,11:55:49,2799.6,200,401850
20240101,11:56:04,2797.25,50,401850
20240101,11:57:14,2793.85,50,401850
20240101,11:57:21,2793.3,100,401850
20240101,11:57:37,2793.0,50,401850
20240101,11:58:36,2794.5,50,401850
20240101,11:58:51,2793.0,50,401850
20240101,12:00:25,2793.8,50,402000
20240101,12:00:33,2795.75,50,402000
20240101,12:00:41,2797.4,100,402000
20240101,12:01:05,2797.4,50,402000
20240101,12:01:13,2797.2,50,402000
20240101,12:01:20,2797.55,50,402000
20240101,12:01:44,2798.7,50,402000
20240101,12:01:52,2803.45,150,402000
20240101,12:02:02,2805.5,50,402000
20240101,12:02:20,2798.85,50,402000
20240101,12:02:28,2799.8,50,402000
20240101,12:02:35,2800.35,50,402000
20240101,12:02:59,2798.15,100,402050
20240101,12:03:24,2795.35,100,402050
20240101,12:03:32,2795.5,150,402050
20240101,12:03:57,2794.0,100,402050
20240101,12:04:05,2793.9,150,402050
20240101,12:04:13,2790.9,200,402050
20240101,12:04:22,2788.65,450,402050
20240101,12:04:31,2789.6,150,402050
20240101,12:04:39,2792.55,50,402050
20240101,12:04:47,2795.0,100,402050
20240101,12:04:56,2792.75,50,402050
20240101,12:05:04,2795.0,50,402050
20240101,12:05:12,2795.45,50,402050
20240101,12:05:28,2796.35,50,402050
20240101,12:05:36,2800.7,100,402050
20240101,12:05:44,2800.7,100,402050
20240101,12:06:01,2797.4,50,402550
20240101,12:06:09,2795.9,50,402550
20240101,12:06:17,2795.6,50,402550
20240101,12:06:32,2795.2,100,402550
20240101,12:06:41,2790.0,50,402550
20240101,12:06:57,2791.4,50,402550
20240101,12:07:13,2791.6,100,402550
20240101,12:07:22,2791.95,50,402550
20240101,12:07:31,2791.4,50,402550
20240101,12:07:39,2791.65,50,402550
20240101,12:08:04,2791.4,50,402550
20240101,12:08:19,2791.4,50,402550
20240101,12:08:34,2791.4,50,402550
20240101,12:09:30,2782.0,50,402550
20240101,12:09:38,2789.3,150,402550
20240101,12:10:12,2784.25,150,402550
20240101,12:10:30,2780.95,100,402550
20240101,12:11:04,2780.95,100,402550
20240101,12:11:48,2781.3,50,402700
20240101,12:12:04,2781.25,50,402700
20240101,12:12:14,2778.8,100,402700
20240101,12:12:24,2776.9,50,402700
20240101,12:12:42,2780.6,50,402700
20240101,12:13:22,2780.3,50,402700
20240101,12:14:12,2776.15,50,402700
20240101,12:14:38,2775.65,50,402700
20240101,12:15:02,2773.65,100,403050
20240101,12:15:19,2772.3,50,403050
20240101,12:15:28,2774.0,50,403050
20240101,12:16:11,2774.5,100,403050
20240101,12:18:08,2782.2,50,403250
20240101,12:18:32,2782.6,50,403250
20240101,12:18:48,2783.4,50,403250
20240101,12:19:04,2783.95,50,403250
20240101,12:19:59,2788.1,50,403250
20240101,12:20:08,2793.5,100,403250
20240101,12:20:42,2791.45,200,403250
20240101,12:21:22,2793.25,200,403550
20240101,12:21:30,2794.4,200,403550
20240101,12:22:01,2793.2,50,403550
20240101,12:22:57,2794.1,200,403550
20240101,12:23:06,2796.2,100,403550
20240101,12:23:24,2799.0,100,403550
20240101,12:24:04,2794.8,100,403700
20240101,12:24:21,2800.2,100,403700
20240101,12:24:37,2799.05,100,403700
20240101,12:24:53,2795.05,100,403700
20240101,12:25:26,2800.3,100,403700
20240101,12:26:56,2802.0,250,403700
20240101,12:27:05,2800.35,100,403700
20240101,12:27:13,2802.0,200,403700
20240101,12:27:29,2800.8,100,403700
20240101,12:28:25,2804.4,100,403700
20240101,12:29:05,2802.8,50,403700
20240101,12:29:13,2803.9,50,403700
20240101,12:30:14,2804.35,150,403450
20240101,12:30:30,2806.85,150,403450
20240101,12:30:45,2808.0,200,403450
20240101,12:32:04,2804.8,150,403450
20240101,12:32:42,2803.75,50,403450
20240101,12:32:50,2800.0,50,403500
20240101,12:33:14,2800.5,100,403500
20240101,12:34:14,2800.95,200,403500
20240101,12:35:10,2797.45,50,403500
20240101,12:35:48,2798.0,50,403500
20240101,12:36:44,2794.95,50,403450
