date,time,tick_price,volume,open_interest
20240129,13:05:36,834.3,1800,1800
20240129,13:17:07,834.3,50,1800
20240129,14:05:33,832.8,100,1850
20240129,14:13:56,822.9,250,1950
20240129,14:14:56,825.1,50,1950
20240129,14:15:34,828.15,100,1950
20240129,14:16:02,826.15,50,1950
20240129,14:16:11,827.1,50,1950
20240129,14:35:22,834.95,50,1950
20240129,14:51:21,834.95,50,2000
20240129,15:07:53,781.75,100,2050
20240129,15:29:30,770.15,50,2050
20240130,09:25:35,800.0,1,2050
20240130,09:25:35,800.0,50,2050
20240130,09:25:47,791.25,50,2050
20240130,09:26:10,791.25,50,2050
20240130,10:00:31,801.0,50,2050
20240130,10:09:51,792.0,50,2100
20240130,11:54:37,792.0,100,2150
20240130,13:20:05,839.6,50,2150
20240130,13:21:49,850.0,100,2150
20240130,13:23:29,852.05,50,2150
20240130,13:33:37,852.05,50,2150
20240130,13:48:01,852.0,100,2150
20240130,14:06:50,859.1,100,2050
20240130,14:07:52,864.8,50,2050
20240130,14:14:37,864.8,50,2050
20240131,09:35:00,900.0,1,2050
20240131,09:35:00,900.0,50,2050
20240131,11:58:51,820.0,50,2100
20240131,12:05:31,812.15,50,2100
20240131,12:05:40,812.1,50,2100
20240131,12:06:09,810.0,50,2150
20240131,12:44:14,810.0,50,2200
20240131,15:29:41,781.55,50,2200
20240201,10:08:18,781.55,1,2200
20240201,10:08:18,781.55,50,2200
20240201,10:57:47,775.6,50,2250
20240201,10:59:28,774.55,50,2250
20240201,11:02:20,766.55,50,2250
20240201,11:02:32,763.75,50,2250
20240201,11:06:51,763.75,50,2250
20240201,11:07:02,790.0,150,2250
20240201,11:07:13,798.05,50,2250
20240201,11:07:23,798.05,50,2250
20240201,11:07:59,784.1,50,2250
20240201,11:17:52,828.15,50,2250
20240201,11:18:02,828.7,50,2250
20240201,11:18:32,828.7,50,2250
20240201,11:21:39,817.6,100,2250
20240201,11:25:36,819.8,50,2250
20240201,11:47:22,800.0,100,2250
20240201,11:58:34,824.95,100,2350
20240201,12:02:49,825.0,100,2350
20240201,15:04:05,826.05,150,2350
20240201,15:07:13,828.0,50,2400
20240201,15:26:02,775.05,100,2400
20240202,09:21:01,717.25,1,2500
20240202,09:21:01,717.25,50,2500
20240202,09:33:49,695.85,50,2450
20240202,09:35:53,686.4,50,2500
20240202,09:50:27,686.4,50,2500
20240202,09:51:03,686.4,50,2500
20240202,10:28:14,670.0,50,2600
20240202,10:28:55,665.15,50,2600
20240202,10:33:27,665.15,100,2650
20240202,10:41:02,670.0,50,2750
20240202,10:41:20,670.0,50,2750
20240202,10:50:50,674.25,100,2750
20240202,10:51:14,674.75,50,2750
20240202,10:51:22,671.45,50,2750
20240202,10:51:30,671.45,50,2750
20240202,10:51:38,673.85,50,2750
20240202,10:51:46,671.45,50,2750
20240202,10:52:09,669.55,50,2750
20240202,10:52:59,674.95,100,2750
20240202,10:53:48,672.25,50,3250
20240202,10:54:38,671.25,200,3250
20240202,10:55:45,670.7,100,3250
20240202,10:56:24,669.55,50,3250
20240202,10:57:10,669.55,50,3650
20240202,10:57:19,669.55,450,3650
20240202,10:57:43,666.5,150,3650
20240202,10:57:51,666.5,50,3650
20240202,10:58:00,666.9,50,3650
20240202,10:58:08,664.25,100,3650
20240202,10:58:35,660.85,50,3650
20240202,10:58:43,660.85,50,3650
20240202,10:58:52,659.55,100,3650
20240202,10:59:09,659.55,100,3650
20240202,11:00:50,658.75,50,4800
20240202,11:03:34,658.75,50,4850
20240202,11:04:30,658.7,50,4850
20240202,11:05:11,656.4,200,4850
20240202,11:05:59,656.3,50,5150
20240202,11:06:07,656.3,250,5150
20240202,11:06:31,658.1,50,5150
20240202,11:06:54,658.9,100,5150
20240202,11:07:02,658.95,50,5150
20240202,11:07:18,657.4,50,5150
20240202,11:07:26,657.4,300,5150
20240202,11:08:13,657.35,150,5150
20240202,11:08:21,657.4,50,5150
20240202,11:10:06,657.05,150,5700
20240202,11:10:30,655.9,50,5700
20240202,11:11:02,655.9,200,5700
20240202,11:11:34,656.4,50,5700
20240202,11:11:42,654.65,100,5900
20240202,11:11:50,654.65,150,5900
20240202,11:11:57,654.65,50,5900
20240202,11:12:13,654.65,150,5900
20240202,11:12:53,654.65,50,5900
20240202,11:13:02,655.5,100,5900
20240202,11:13:55,648.0,200,5900
20240202,11:14:07,643.6,50,5900
20240202,11:14:27,643.6,50,5900
20240202,11:14:56,637.65,50,6500
20240202,11:15:05,636.55,50,6500
20240202,11:19:09,633.85,100,6600
20240202,11:19:19,635.35,100,6600
20240202,11:19:45,631.9,50,6600
20240202,11:19:54,631.9,50,6600
20240202,11:20:36,631.9,50,6900
20240202,11:20:45,630.8,100,6900
20240202,11:21:43,630.8,50,6900
20240202,11:22:08,635.9,50,6900
20240202,11:22:45,633.55,100,6900
20240202,11:23:02,632.25,250,6900
20240202,11:23:11,632.5,250,6900
20240202,11:23:56,629.25,100,7750
20240202,11:24:13,629.25,200,7750
20240202,11:24:21,630.15,150,7750
20240202,11:24:30,633.4,50,7750
20240202,11:25:30,630.0,100,7750
20240202,11:26:27,632.25,50,7750
20240202,11:27:10,632.3,100,8200
20240202,11:27:18,632.7,50,8200
20240202,11:27:27,632.2,100,8200
20240202,11:28:08,627.3,50,8200
20240202,11:28:25,627.3,50,8200
20240202,11:28:42,630.5,50,8200
20240202,11:29:00,627.0,50,8200
20240202,11:29:17,626.7,50,8200
20240202,11:31:29,626.05,50,8550
20240202,11:32:07,619.6,50,8550
20240202,11:32:17,619.6,50,8550
20240202,11:32:44,624.15,100,8700
20240202,11:33:11,625.2,300,8700
20240202,11:33:20,624.8,350,8700
20240202,11:33:29,624.8,50,8700
20240202,11:33:46,624.0,50,8700
20240202,11:33:55,620.4,50,8700
20240202,11:34:13,620.05,100,8700
20240202,11:35:26,620.5,50,8700
20240202,11:35:36,619.8,50,8700
20240202,11:38:10,617.05,50,9100
20240202,11:41:50,611.5,150,9100
20240202,11:41:59,610.9,250,9100
20240202,11:42:09,611.35,600,9100
20240202,11:42:28,610.45,50,9100
20240202,11:42:37,609.8,250,9100
20240202,11:42:47,609.0,100,9100
20240202,11:42:56,609.0,450,9100
20240202,11:43:14,612.85,50,9100
20240202,11:44:06,614.9,300,9100
20240202,11:44:52,622.75,50,11100
20240202,11:45:20,624.85,2700,11100
20240202,11:45:56,620.6,50,11100
20240202,11:46:06,621.3,500,11100
20240202,11:46:15,621.3,300,11100
20240202,11:46:33,621.3,150,11100
20240202,11:46:42,618.75,150,11100
20240202,11:46:51,618.1,50,11100
20240202,11:46:59,617.85,50,11100
20240202,11:48:00,621.0,150,12250
20240202,11:48:35,621.0,100,12250
20240202,11:49:10,623.0,50,12250
20240202,11:49:28,624.3,150,12250
20240202,11:49:37,624.3,200,12250
20240202,11:49:47,622.0,150,12250
20240202,11:51:24,622.95,50,12900
20240202,11:53:41,627.0,50,12900
20240202,11:53:58,627.7,100,13000
20240202,11:56:42,623.25,50,13000
20240202,11:58:11,617.0,50,13100
20240202,11:59:58,617.05,350,13100
20240202,12:00:51,615.05,50,13100
20240202,12:03:51,618.0,50,13100
20240202,12:04:50,615.0,50,13100
20240202,12:05:07,619.0,50,13100
20240202,12:06:35,619.0,50,13150
20240202,12:08:04,629.0,100,13150
20240202,12:09:05,628.2,50,13200
20240202,12:12:49,628.2,50,13200
20240202,12:13:16,629.0,50,13200
20240202,12:13:50,628.0,200,13200
20240202,12:13:58,629.7,50,13200
20240202,12:19:22,629.7,150,13450
20240202,12:21:43,629.0,100,13500
20240202,12:27:13,639.95,50,13600
20240202,12:27:23,640.0,150,13600
20240202,12:28:40,650.0,100,13600
20240202,12:29:11,662.55,150,13600
20240202,12:30:01,670.0,300,13750
20240202,12:30:36,680.0,400,13750
20240202,12:30:47,685.05,50,13750
20240202,12:31:26,689.8,150,13750
20240202,12:34:00,686.75,100,13600
20240202,12:35:51,705.0,100,13700
20240202,12:36:02,710.0,350,13700
20240202,12:36:25,717.35,50,13700
20240202,12:37:58,717.35,50,13700
20240202,12:42:19,700.0,50,14000
20240202,12:49:41,706.5,150,14050
20240202,12:49:50,706.45,150,14050
20240202,12:50:08,707.4,50,14050
20240202,12:50:17,708.05,200,14050
20240202,12:50:27,711.95,100,14050
20240202,12:50:37,714.2,150,14050
20240202,12:51:13,700.4,100,14800
20240202,12:51:22,700.4,50,14800
20240202,12:51:32,696.5,50,14800
20240202,12:51:50,702.7,150,14800
20240202,12:56:05,698.85,50,15150
20240202,12:58:16,690.0,50,15100
20240202,12:58:33,694.05,50,15100
20240202,12:58:51,696.45,100,15100
20240202,12:59:17,690.0,50,15100
20240202,12:59:26,698.85,150,15100
20240202,13:00:01,698.85,50,15350
20240202,13:04:39,691.9,100,15350
20240202,13:06:12,699.0,50,15450
20240202,13:08:19,694.75,150,15450
20240202,13:09:01,693.55,50,15600
20240202,13:09:09,697.95,100,15600
20240202,13:09:18,702.5,150,15600
20240202,13:09:27,703.9,50,15600
20240202,13:09:45,704.05,300,15600
20240202,13:10:28,695.2,50,15600
20240202,13:10:37,694.3,50,15600
20240202,13:10:46,694.3,50,15600
20240202,13:11:20,698.75,50,15600
20240202,13:12:38,707.9,50,16450
20240202,13:13:21,707.6,100,16450
20240202,13:13:47,709.9,50,16450
20240202,13:13:56,713.55,50,16450
20240202,13:14:06,714.1,50,16450
20240202,13:14:15,714.75,100,16450
20240202,13:14:25,715.6,100,16450
20240202,13:14:35,716.55,100,16450
20240202,13:14:46,720.0,150,16450
20240202,13:15:15,722.7,150,17100
20240202,13:15:34,724.4,150,17100
20240202,13:15:44,724.45,50,17100
20240202,13:15:55,729.6,50,17100
20240202,13:19:03,729.6,50,17500
20240202,13:20:05,709.9,50,17500
20240202,13:20:23,714.1,150,17500
20240202,13:20:49,713.7,100,17500
20240202,13:20:58,712.7,50,17750
20240202,13:21:15,716.35,50,17750
20240202,13:21:24,709.25,50,17750
20240202,13:21:32,711.1,50,17750
20240202,13:21:41,716.55,150,17750
20240202,13:21:50,717.45,200,17750
20240202,13:21:59,715.85,100,17750
20240202,13:22:24,718.35,50,17750
20240202,13:22:33,718.95,50,17750
20240202,13:22:56,720.15,50,17750
20240202,13:24:47,721.0,50,18450
20240202,13:25:52,726.5,100,18450
20240202,13:29:07,720.0,200,18550
20240202,13:29:25,720.0,550,18550
20240202,13:30:37,720.05,100,18550
20240202,13:30:56,720.05,50,18550
20240202,13:31:39,727.0,50,18550
20240202,13:32:14,724.2,50,18550
20240202,13:33:44,733.0,100,18650
20240202,13:36:16,733.0,50,18600
20240202,13:36:25,720.0,150,18600
20240202,13:36:51,720.0,100,18600
20240202,13:39:51,706.45,50,18750
20240202,13:46:07,715.0,50,18800
20240202,13:46:49,712.0,100,18800
20240202,13:48:04,717.0,50,18800
20240202,13:49:38,716.65,50,18800
20240202,13:49:43,717.9,50,18800
20240202,13:50:35,712.85,50,18800
20240202,13:50:44,718.7,50,18800
20240202,13:53:19,710.0,50,18950
20240202,14:00:21,710.0,500,19000
20240202,14:19:15,709.0,50,19000
20240202,14:28:56,709.0,50,19050
20240202,14:51:02,700.65,50,19050
20240202,14:51:11,700.7,50,19050
20240202,14:52:59,705.0,50,19050
20240202,14:54:56,715.55,50,19150
20240202,14:55:43,721.45,50,19150
20240202,14:56:11,722.65,50,19150
20240202,14:56:30,723.15,50,19150
20240202,14:56:39,718.75,50,19150
20240202,14:57:00,728.8,250,19150
20240202,14:57:11,726.8,100,19450
20240202,14:57:30,724.1,50,19450
20240202,14:58:42,729.05,50,19450
20240202,15:01:32,715.0,50,19500
20240202,15:02:18,721.95,150,19500
20240202,15:02:27,722.0,50,19500
20240202,15:03:34,728.8,250,19550
20240202,15:03:44,733.7,50,19550
20240202,15:12:24,733.7,50,19500
20240202,15:12:53,714.8,50,19500
20240202,15:14:31,723.95,400,19500
20240202,15:20:08,727.0,50,19700
20240202,15:20:36,725.0,300,19700
20240202,15:21:12,727.0,100,19700
20240202,15:22:06,729.45,100,19700
20240202,15:23:11,725.0,250,19700
20240202,15:25:59,725.05,50,19700
20240202,15:27:50,720.1,50,19700
20240202,15:29:43,722.0,50,19700
20240205,09:15:13,724.4,1,19650
20240205,09:15:13,724.4,50,19650
20240205,09:17:03,725.75,50,19700
20240205,09:18:33,744.3,150,19700
20240205,09:19:40,755.1,150,19850
20240205,09:19:53,772.15,50,19850
20240205,09:19:59,772.15,50,19850
20240205,09:20:15,750.0,50,19850
20240205,09:20:54,744.2,100,19850
20240205,09:25:56,725.0,50,19850
20240205,09:27:03,710.0,50,19850
20240205,09:29:58,710.0,150,19850
20240205,09:30:48,730.0,50,19850
20240205,09:33:45,735.0,100,19850
20240205,09:35:18,740.0,50,19850
20240205,09:35:37,740.0,100,19850
20240205,09:36:32,740.0,100,19850
20240205,09:43:59,714.85,50,19850
20240205,09:44:44,719.35,200,19850
20240205,09:48:19,717.0,50,19950
20240205,09:49:52,710.0,100,19950
20240205,09:50:32,705.0,550,19950
20240205,09:51:33,700.0,50,19950
20240205,09:59:01,700.0,50,19400
20240205,09:59:28,700.0,1700,19400
20240205,10:00:46,711.0,50,19400
20240205,10:05:28,713.0,100,19400
20240205,10:05:37,713.0,200,19450
20240205,10:05:47,713.0,200,19450
20240205,10:08:12,707.05,150,19450
20240205,10:09:14,707.0,250,19450
20240205,10:17:27,721.0,50,19450
20240205,10:17:38,725.0,650,19450
20240205,10:18:32,740.0,50,19450
20240205,10:22:42,749.0,100,20200
20240205,10:25:59,747.95,50,20100
20240205,10:27:23,740.0,50,20100
20240205,10:43:19,727.7,100,20200
20240205,10:46:38,719.9,250,20250
20240205,10:52:42,726.5,100,20500
20240205,10:58:37,720.05,100,20500
20240205,10:58:40,720.0,100,20500
20240205,11:01:23,720.0,150,20500
20240205,11:05:01,720.0,150,20450
20240205,11:10:26,725.0,50,20600
20240205,11:13:33,715.0,50,20600
20240205,11:17:00,710.0,50,20600
20240205,11:26:43,716.0,50,20600
20240205,11:37:37,710.0,50,20600
20240205,11:38:15,705.5,100,20600
20240205,12:08:58,720.0,100,20550
20240205,12:12:00,713.45,250,20550
20240205,12:18:31,702.0,50,20400
20240205,12:26:12,710.0,350,20400
20240205,12:29:47,717.7,50,20650
20240205,12:33:42,725.0,50,20700
20240205,12:45:27,716.7,400,20700
20240205,12:51:28,706.7,50,20450
20240205,13:01:47,702.05,50,20450
20240205,13:03:39,705.0,50,20400
20240205,13:05:50,702.3,50,20400
20240205,13:10:10,699.95,50,20450
20240205,13:18:28,699.95,50,20450
20240205,13:26:18,706.1,50,20500
20240205,14:08:47,718.0,100,20550
20240205,14:09:16,718.0,300,20550
20240205,14:10:47,723.7,100,20550
20240205,14:25:56,722.05,50,21050
20240205,14:27:25,727.7,50,21050
20240205,14:28:46,727.7,50,21050
20240205,14:32:17,733.15,50,21150
20240205,14:34:11,739.5,50,21150
20240205,14:35:39,750.0,50,21200
20240205,14:37:02,759.85,50,21200
20240205,14:37:14,756.9,50,21200
20240205,14:38:53,770.0,50,21100
20240205,14:39:07,774.2,50,21100
20240205,14:42:40,783.0,150,21100
20240205,14:44:18,798.45,50,21200
20240205,14:44:30,798.45,150,21200
20240205,14:44:43,789.45,100,21200
20240205,14:44:56,787.65,50,21200
20240205,14:45:46,808.8,50,21200
20240205,14:46:03,817.85,50,21200
20240205,14:47:32,817.85,50,21200
20240205,14:54:19,800.0,50,21200
20240205,14:54:30,800.0,100,21200
20240205,14:55:23,800.0,50,21200
20240205,15:00:43,809.0,300,21250
20240205,15:00:46,800.0,50,21250
20240205,15:01:18,805.0,50,21250
20240205,15:06:20,785.0,50,21350
20240205,15:12:10,791.95,100,21350
20240205,15:12:21,793.15,1300,21350
20240205,15:13:54,801.2,200,21350
20240205,15:14:25,795.7,50,21300
20240205,15:16:36,810.0,100,21300
20240205,15:17:10,798.85,100,21300
20240205,15:17:25,798.95,100,21350
20240205,15:17:38,797.25,100,21350
20240205,15:17:41,797.0,100,21350
20240205,15:19:20,802.25,50,21350
20240205,15:19:31,802.2,50,21350
20240205,15:24:06,805.0,50,21400
20240205,15:24:56,805.8,50,21400
20240205,15:25:17,806.7,100,21400
20240205,15:27:32,809.05,200,21400
20240205,15:28:49,809.05,100,21400
20240205,15:29:09,810.05,100,21400
20240205,15:29:52,811.05,100,21400
20240206,09:17:02,765.9,1,21400
20240206,09:17:02,765.9,50,21400
20240206,09:18:29,802.7,150,21400
20240206,09:20:40,811.75,50,21500
20240206,09:23:51,811.75,50,21500
20240206,09:25:54,780.05,50,21450
20240206,09:28:12,780.05,50,21450
20240206,09:28:51,780.05,150,21500
20240206,09:31:44,782.9,50,21650
20240206,09:31:53,785.05,50,21650
20240206,09:32:45,776.0,50,21650
20240206,09:33:37,773.3,50,21650
20240206,09:34:46,772.0,50,21700
20240206,09:37:18,768.05,50,21700
20240206,09:40:29,766.7,50,21700
20240206,10:03:08,753.05,50,21750
20240206,10:04:25,753.0,150,21750
20240206,10:08:42,753.0,50,21750
20240206,10:15:08,760.5,50,21750
20240206,10:15:39,755.05,50,21750
20240206,10:25:31,768.95,50,21750
20240206,10:25:43,773.0,50,21750
20240206,10:28:46,776.15,50,21850
20240206,10:28:57,776.2,50,21900
20240206,10:29:08,776.0,50,21900
20240206,10:31:34,787.5,100,21900
20240206,10:33:03,800.0,300,21900
20240206,10:33:15,800.0,250,21900
20240206,10:33:26,805.0,500,21900
20240206,10:33:48,800.0,200,21900
20240206,10:59:46,760.05,100,21900
20240206,10:59:56,760.0,150,21900
20240206,11:05:13,770.0,50,21900
20240206,11:09:53,760.0,50,21900
20240206,11:11:09,758.8,100,21900
20240206,11:21:15,758.65,50,21900
20240206,11:25:34,759.75,100,21950
20240206,11:28:09,763.2,100,21950
20240206,11:28:27,765.0,50,21950
20240206,11:31:20,760.75,100,21950
20240206,11:31:36,760.15,100,21950
20240206,11:31:45,759.95,100,21950
20240206,11:32:38,756.35,100,21950
20240206,11:33:09,750.0,100,21950
20240206,11:34:08,745.65,50,21950
20240206,11:35:05,737.8,50,21950
20240206,11:39:49,737.8,200,21900
20240206,11:48:17,746.15,50,21900
20240206,11:53:21,749.0,50,21900
20240206,11:54:07,749.55,50,21900
20240206,11:55:01,744.05,300,21900
20240206,11:55:27,742.8,100,21900
20240206,11:57:12,747.6,50,21950
20240206,11:57:20,745.15,100,21950
20240206,11:57:29,745.1,100,21950
20240206,11:57:47,742.85,100,21950
20240206,11:57:57,742.85,100,21950
20240206,11:58:37,746.05,100,21950
20240206,11:58:56,741.45,50,21950
20240206,11:59:06,745.8,100,21950
20240206,12:01:53,740.05,100,22000
20240206,12:10:38,742.4,300,22000
20240206,12:10:57,740.8,50,22000
20240206,12:11:15,735.05,200,22250
20240206,12:11:25,735.05,100,22250
20240206,12:11:35,735.05,150,22250
20240206,12:11:46,734.3,50,22250
20240206,12:12:44,734.3,50,22250
20240206,12:20:48,736.7,50,22150
20240206,12:25:07,740.8,50,22150
20240206,12:45:13,730.0,50,22200
20240206,12:57:04,730.0,50,22200
20240206,12:59:07,744.95,250,22200
20240206,13:05:31,737.25,400,22200
20240206,13:05:40,737.25,50,22350
20240206,13:11:38,730.0,100,22350
20240206,13:17:04,727.45,50,22450
20240206,13:25:34,724.9,100,22450
20240206,13:25:53,724.2,50,22450
20240206,13:31:21,716.3,200,22400
20240206,13:31:41,714.15,200,22400
20240206,13:47:22,714.15,50,22800
20240206,14:02:04,723.0,50,22800
20240206,14:04:35,718.0,50,22800
20240206,14:05:35,718.0,50,22750
20240206,14:06:31,721.1,300,22750
20240206,14:08:11,718.3,50,22750
20240206,14:09:04,724.0,100,22800
20240206,14:09:31,724.0,200,22800
20240206,14:10:05,724.0,100,22800
20240206,14:10:22,727.6,50,22800
20240206,14:11:03,727.6,50,22800
20240206,14:11:40,727.7,100,22800
20240206,14:12:45,731.0,50,22800
20240206,14:13:47,739.65,50,22800
20240206,14:14:46,726.0,200,22950
20240206,14:15:05,726.0,100,22950
20240206,14:16:18,726.0,200,22950
20240206,14:18:34,724.0,200,22950
20240206,14:27:38,730.0,100,22950
20240206,14:47:02,727.7,50,22850
20240206,14:49:46,733.0,100,22900
20240206,14:50:16,735.0,50,22900
20240206,14:50:54,729.9,50,23000
20240206,14:55:31,745.0,150,23050
20240206,15:05:38,730.0,300,23050
20240206,15:07:11,727.95,50,23050
20240206,15:07:32,728.0,500,23050
20240206,15:08:36,726.45,400,23050
20240206,15:10:54,722.0,50,23650
20240206,15:16:02,735.5,150,23650
20240206,15:16:11,734.45,200,23650
20240206,15:17:41,734.0,100,23900
20240206,15:18:17,734.0,100,23900
20240206,15:18:48,734.5,50,23900
20240206,15:20:09,733.95,50,23900
20240206,15:24:16,723.05,100,24150
20240206,15:24:35,723.0,150,24150
20240206,15:25:32,723.25,100,24150
20240206,15:28:06,721.05,100,24050
20240206,15:28:46,723.0,200,24050
20240207,09:16:59,682.1,1,24250
20240207,09:16:59,682.1,50,24250
20240207,09:17:50,674.1,100,24250
20240207,09:19:26,682.0,100,24250
20240207,09:19:39,682.05,300,24200
20240207,09:20:07,681.6,400,24200
20240207,09:24:36,679.0,50,23550
20240207,09:25:02,675.0,50,23550
20240207,09:27:16,690.3,50,23550
20240207,09:34:20,692.0,50,23550
20240207,09:41:27,692.0,100,23550
20240207,09:42:49,692.0,50,23550
20240207,09:45:17,700.0,50,23600
20240207,09:45:52,700.0,50,23600
20240207,09:46:00,702.15,50,23600
20240207,09:47:28,702.15,50,23700
20240207,09:55:33,694.2,50,23700
20240207,10:00:28,691.45,50,23700
20240207,10:03:20,694.0,50,23750
20240207,10:04:57,697.7,100,23750
20240207,10:05:07,699.0,200,23750
20240207,10:16:33,678.85,50,24050
20240207,10:16:58,677.3,50,24100
20240207,10:17:07,677.3,50,24100
20240207,10:17:15,677.3,50,24100
20240207,10:17:23,677.25,50,24100
20240207,10:25:59,680.45,50,24200
20240207,10:38:08,697.85,50,24250
20240207,10:46:42,701.0,200,24250
20240207,10:59:30,699.0,50,24250
20240207,11:07:04,706.65,50,24300
20240207,11:13:00,706.65,50,24350
20240207,11:26:24,721.2,50,24400
20240207,11:27:12,721.2,50,24400
20240207,11:32:51,730.0,50,24450
20240207,11:33:12,736.7,50,24450
20240207,11:39:44,756.1,50,24450
20240207,11:54:42,756.1,50,24500
20240207,11:56:07,751.8,50,24450
20240207,11:56:36,756.0,200,24450
20240207,12:11:38,734.45,50,24450
20240207,12:12:12,735.45,50,24450
20240207,12:29:17,740.0,50,24500
20240207,12:37:37,737.9,50,24500
20240207,12:45:44,744.5,50,24500
20240207,12:47:26,737.35,50,24500
20240207,12:50:44,748.15,100,24550
20240207,12:54:21,751.1,50,24600
20240207,13:03:56,745.55,100,24650
20240207,13:07:15,733.3,50,24750
20240207,13:14:53,738.7,50,24750
20240207,13:15:25,740.25,50,24750
20240207,13:16:06,737.95,50,24750
20240207,13:16:39,741.2,50,24750
20240207,13:21:05,734.0,100,24950
20240207,13:21:13,734.0,200,24950
20240207,13:21:22,734.0,100,24950
20240207,13:21:48,734.0,100,24950
20240207,13:21:57,734.0,250,24950
20240207,13:23:52,735.0,100,24950
20240207,13:26:20,737.65,50,24950
20240207,13:26:45,738.85,150,24950
20240207,13:26:53,738.85,50,24950
20240207,13:27:17,734.1,50,24950
20240207,13:27:33,734.5,50,24950
20240207,13:27:50,735.5,150,24950
20240207,13:27:58,734.0,100,24950
20240207,13:28:07,734.0,50,24950
20240207,13:28:31,734.05,50,24950
20240207,13:28:40,737.4,50,24950
20240207,13:29:15,744.2,400,24950
20240207,13:30:24,746.35,50,25900
20240207,13:30:41,740.6,50,25900
20240207,13:33:08,734.0,300,25950
20240207,13:35:42,722.95,50,25900
20240207,13:40:59,720.2,50,25950
20240207,13:47:19,725.2,50,25950
20240207,13:48:51,730.15,50,26000
20240207,13:51:47,733.05,50,26050
20240207,13:52:13,724.7,50,26050
20240207,13:53:21,728.15,50,26050
20240207,13:56:08,725.05,50,26200
20240207,14:10:44,705.0,150,26250
20240207,14:10:54,705.0,500,26250
20240207,14:13:08,697.05,50,26250
20240207,14:13:09,699.9,50,26250
20240207,14:14:25,703.0,50,26250
20240207,14:14:33,697.35,50,26300
20240207,14:16:09,703.55,50,26300
20240207,14:18:00,709.35,50,26350
20240207,14:22:38,702.9,300,26350
20240207,14:23:41,700.0,100,26450
20240207,14:23:50,700.0,50,26450
20240207,14:24:16,700.45,300,26450
20240207,14:29:01,699.4,100,26250
20240207,14:39:06,728.05,50,26350
20240207,14:40:13,724.4,50,26350
20240207,14:51:04,711.25,50,26450
20240207,14:58:17,720.0,500,26450
20240207,15:00:07,730.35,200,26450
20240207,15:01:30,716.0,200,26450
20240207,15:08:47,712.7,50,26450
20240207,15:14:58,705.75,50,26450
20240207,15:15:43,706.0,150,26450
20240207,15:16:19,701.2,50,26450
20240207,15:17:22,708.0,400,26450
20240207,15:18:25,703.55,150,26650
20240207,15:20:22,702.0,150,26650
20240207,15:24:15,705.35,150,26800
20240207,15:25:05,697.65,150,26800
20240207,15:25:28,693.1,250,26800
20240207,15:27:37,694.85,100,26900
20240208,09:19:30,672.95,1,26850
20240208,09:19:30,672.95,50,26850
20240208,09:23:07,658.0,600,26900
20240208,09:23:16,658.0,300,26900
20240208,09:24:27,658.0,50,26900
20240208,09:24:36,658.0,250,26900
20240208,09:24:53,658.0,50,26900
20240208,09:25:03,659.0,300,26900
20240208,09:25:12,659.0,450,26900
20240208,09:25:22,659.0,300,26900
20240208,09:29:15,657.1,50,29200
20240208,09:29:41,657.1,50,29200
20240208,09:30:06,656.5,750,29200
20240208,09:31:43,658.0,250,29750
20240208,09:31:52,658.0,200,29750
20240208,09:32:09,658.0,100,29750
20240208,09:32:18,658.0,50,29750
20240208,09:32:35,658.0,150,29750
20240208,09:32:45,658.0,300,29750
20240208,09:32:54,655.0,2050,29750
20240208,09:33:12,659.0,300,29750
20240208,09:33:21,659.0,100,29750
20240208,09:33:30,660.0,400,29750
20240208,09:33:47,660.0,150,29750
20240208,09:34:04,660.0,1550,29750
20240208,09:37:46,662.0,150,35350
20240208,09:37:54,662.0,300,35500
20240208,09:38:03,662.0,250,35500
20240208,09:38:21,662.0,300,35500
20240208,09:46:01,666.4,1000,36350
20240208,09:46:38,675.0,200,36350
20240208,09:48:08,675.0,100,37250
20240208,09:48:17,670.0,200,37250
20240208,09:57:37,678.0,50,37350
20240208,10:01:25,678.0,100,37400
20240208,10:01:42,673.0,100,37400
20240208,10:03:27,673.0,100,37600
20240208,10:04:30,673.0,50,37600
20240208,10:05:10,660.0,100,37750
20240208,10:06:24,673.0,50,37750
20240208,10:08:19,673.0,100,37800
20240208,10:09:44,685.05,150,37800
20240208,10:09:54,685.05,50,37800
20240208,10:10:27,699.05,100,37800
20240208,10:15:39,705.0,50,37750
20240208,10:16:15,712.8,100,37750
20240208,10:16:37,712.8,50,37750
20240208,10:18:43,709.1,250,37850
20240208,10:22:00,708.0,50,37900
20240208,10:27:05,680.0,100,37900
20240208,10:28:06,683.95,50,37900
20240208,10:30:08,677.0,100,37800
20240208,10:39:19,677.0,100,37900
20240208,10:42:09,709.1,50,38000
20240208,10:42:50,703.0,50,38000
20240208,10:43:10,712.0,50,38000
20240208,10:49:38,715.0,50,38100
20240208,10:57:49,725.0,50,38050
20240208,10:59:36,736.35,100,38100
20240208,11:00:32,750.0,50,38100
20240208,11:01:27,750.0,50,38100
20240208,11:01:37,750.0,100,38100
20240208,11:03:06,769.8,300,38000
20240208,11:04:30,808.45,50,38000
20240208,11:04:43,808.45,50,38000
20240208,11:04:56,788.5,50,38000
20240208,11:06:19,794.15,50,38050
20240208,11:06:41,776.95,50,38050
20240208,11:09:19,782.55,50,37950
20240208,11:10:58,787.45,50,37950
20240208,11:12:01,786.55,50,37900
20240208,11:13:20,784.35,50,37900
20240208,11:13:29,786.45,50,37900
20240208,11:15:31,788.0,250,37850
20240208,11:15:51,792.8,250,37850
20240208,11:21:04,791.85,50,37650
20240208,11:21:14,780.0,50,37650
20240208,11:21:53,775.0,250,37650
20240208,11:23:10,779.5,50,37500
20240208,11:23:39,789.65,50,37500
20240208,11:24:20,789.75,50,37500
20240208,11:25:17,776.0,50,37500
20240208,11:26:04,776.0,50,37500
20240208,11:27:49,771.85,50,37450
20240208,11:29:08,767.4,50,37450
20240208,11:31:51,770.4,50,37500
20240208,11:34:45,780.0,100,37500
20240208,11:34:54,780.25,50,37500
20240208,11:40:29,770.0,50,37500
20240208,11:41:42,771.3,50,37500
20240208,11:45:33,771.0,50,37550
20240208,11:48:58,770.0,50,37550
20240208,11:52:45,765.0,250,37550
20240208,11:54:06,750.0,50,37800
20240208,11:56:21,754.0,50,37750
20240208,12:01:15,758.0,50,37750
20240208,12:09:11,760.0,100,37800
20240208,12:09:48,757.5,50,37800
20240208,12:13:38,740.4,100,37850
20240208,12:22:53,764.1,100,37850
20240208,12:37:50,755.0,50,37850
20240208,12:38:35,749.35,100,37850
20240208,12:41:36,759.15,50,37850
20240208,12:55:36,757.45,150,37850
20240208,13:00:06,742.85,50,37850
20240208,13:04:40,750.95,150,37850
20240208,13:05:06,750.95,100,37850
20240208,13:26:19,756.85,50,38100
20240208,13:28:42,747.7,200,38050
20240208,13:28:59,747.7,50,38050
20240208,13:29:08,747.7,100,38050
20240208,13:29:23,747.7,100,38400
20240208,13:51:12,747.7,50,38500
20240208,13:52:53,759.95,100,38500
20240208,13:54:47,760.0,200,38550
20240208,13:56:26,755.95,50,38550
20240208,14:02:15,766.55,50,38800
20240208,14:02:41,765.0,50,38750
20240208,14:05:43,781.0,50,38750
20240208,14:10:24,775.0,50,38800
20240208,14:11:12,782.7,50,38800
20240208,14:15:23,788.0,100,38800
20240208,14:15:34,785.35,50,38800
20240208,14:17:43,782.7,100,38800
20240208,14:18:30,770.45,50,38800
20240208,14:23:28,782.7,200,38800
20240208,14:26:33,784.0,50,38900
20240208,14:27:19,790.0,250,38900
20240208,14:28:04,788.0,150,38900
20240208,14:28:36,788.0,50,38900
20240208,14:29:51,780.0,50,38900
20240208,14:34:57,789.8,200,38900
20240208,14:35:42,795.0,200,39000
20240208,14:36:47,802.0,50,39000
20240208,14:38:19,802.0,100,39000
20240208,14:39:03,807.0,100,39000
20240208,14:39:15,813.85,100,39000
20240208,14:39:27,814.95,50,39000
20240208,14:39:39,815.0,50,39000
20240208,14:40:23,815.0,50,39000
20240208,14:41:18,804.25,100,39000
20240208,14:42:01,802.8,50,38900
20240208,14:43:19,790.0,100,38900
20240208,14:44:02,790.75,100,38900
20240208,14:45:38,789.8,200,38900
20240208,14:46:24,797.95,150,38900
20240208,14:46:36,798.0,100,38900
20240208,14:49:47,792.55,100,38800
20240208,14:51:06,793.55,200,38700
20240208,14:51:18,798.0,50,38700
20240208,14:51:30,801.85,100,38700
20240208,14:52:37,800.0,100,38700
20240208,14:53:22,800.0,50,38700
20240208,14:55:04,800.0,100,38700
20240208,14:55:33,800.05,50,38700
20240208,14:57:58,815.45,50,38700
20240208,14:58:43,815.45,50,38700
20240208,14:59:07,811.05,100,38700
20240208,14:59:10,819.6,50,38700
20240208,15:00:09,819.6,50,38550
20240208,15:00:19,812.9,50,38550
20240208,15:00:44,800.4,100,38550
20240208,15:00:55,800.4,150,38550
20240208,15:01:00,820.7,250,38550
20240208,15:02:24,820.7,100,38550
20240208,15:02:59,820.9,100,38700
20240208,15:03:11,820.95,100,38700
20240208,15:04:14,820.95,100,38700
20240208,15:05:08,800.05,100,38700
20240208,15:05:51,800.0,200,38700
20240208,15:05:55,800.0,200,38700
20240208,15:06:39,800.0,150,38700
20240208,15:07:02,800.0,300,38700
20240208,15:08:59,790.0,100,38700
20240208,15:16:35,791.1,50,38700
20240208,15:22:28,792.4,700,38700
20240208,15:23:09,791.0,50,38700
20240208,15:23:19,790.0,150,38700
20240208,15:23:51,789.0,50,38700
20240208,15:25:49,783.9,50,38700
20240208,15:26:41,789.05,50,38700
20240208,15:27:46,787.0,50,38700
20240208,15:28:49,785.0,200,38700
20240208,15:29:34,785.1,50,38700
20240209,09:17:00,805.0,1,38650
20240209,09:17:00,804.95,150,38650
20240209,09:19:27,820.0,200,38650
20240209,09:19:47,820.0,50,38650
20240209,09:20:47,820.05,150,38650
20240209,09:20:57,820.05,50,38650
20240209,09:21:22,811.0,150,38650
20240209,09:21:23,811.0,350,38650
20240209,09:22:34,801.0,100,38800
20240209,09:22:54,794.0,200,38800
20240209,09:23:14,794.0,300,38800
20240209,09:23:24,790.0,200,38800
20240209,09:23:35,790.0,650,38800
20240209,09:23:47,790.0,300,38800
20240209,09:28:08,790.0,200,38800
20240209,09:28:19,785.0,100,38800
20240209,09:30:29,785.0,200,38800
20240209,09:30:49,785.0,200,38800
20240209,09:40:18,800.0,500,39000
20240209,09:40:39,802.0,50,39500
20240209,09:42:30,801.0,50,39500
20240209,09:44:28,801.0,400,39500
20240209,09:48:30,805.0,100,39200
20240209,09:55:40,829.8,100,39200
20240209,09:56:08,834.15,100,39200
20240209,09:57:34,834.15,200,39200
20240209,09:59:09,834.35,150,39200
20240209,10:00:28,843.95,100,39200
20240209,10:01:09,851.0,150,39200
20240209,10:01:21,851.0,200,39200
20240209,10:03:23,835.0,200,39300
20240209,10:07:09,811.0,50,39350
20240209,10:08:50,806.05,50,39350
20240209,10:08:53,806.0,50,39350
20240209,10:11:27,800.95,50,39350
20240209,10:14:43,795.0,50,39400
20240209,10:15:02,797.0,50,39400
20240209,10:15:13,801.3,100,39400
20240209,10:16:22,806.15,200,39400
20240209,10:20:12,797.6,200,39200
20240209,10:21:09,792.0,550,39200
20240209,10:26:49,812.25,50,39300
20240209,10:27:26,814.1,50,39300
20240209,10:27:45,819.35,100,39300
20240209,10:28:00,813.85,50,39300
20240209,10:34:00,813.65,150,39100
20240209,10:34:04,813.6,100,39100
20240209,10:42:02,821.95,150,39000
20240209,10:43:08,825.05,50,39000
20240209,10:45:40,824.6,50,38850
20240209,10:46:17,822.0,300,38850
20240209,10:46:19,822.0,350,38850
20240209,10:46:55,825.0,200,38850
20240209,10:47:51,827.0,200,38850
20240209,10:48:09,829.0,250,38850
20240209,10:51:31,830.0,200,38850
20240209,10:52:07,834.0,200,38650
20240209,10:53:09,835.0,50,38650
20240209,11:00:27,841.85,50,38650
20240209,11:02:07,840.05,250,38650
20240209,11:04:35,858.75,50,38650
20240209,11:04:38,858.8,50,38500
20240209,11:04:39,858.8,50,38500
20240209,11:04:42,858.1,50,38500
20240209,11:04:49,853.95,50,38500
20240209,11:04:54,861.0,50,38500
20240209,11:04:57,861.05,50,38500
20240209,11:05:04,861.75,150,38500
20240209,11:05:21,878.05,50,38500
20240209,11:06:33,878.05,250,38500
20240209,11:06:44,864.0,50,38500
20240209,11:06:50,863.1,100,38500
20240209,11:07:08,862.25,100,38500
20240209,11:07:39,870.55,150,38500
20240209,11:07:49,864.75,50,38300
20240209,11:07:59,864.7,50,38300
20240209,11:09:03,855.0,200,38300
20240209,11:09:13,850.0,50,38300
20240209,11:13:18,842.0,50,38300
20240209,11:13:45,840.0,200,38300
20240209,11:13:46,840.0,50,38300
20240209,11:16:53,847.85,50,38300
20240209,11:18:22,845.9,50,38300
20240209,11:20:25,838.85,50,38250
20240209,11:31:37,846.0,50,38250
20240209,11:36:09,830.15,200,38250
20240209,11:36:26,830.05,200,38250
20240209,11:36:35,830.05,300,38250
20240209,11:38:49,818.0,50,38250
20240209,11:39:49,818.0,50,38250
20240209,11:39:53,818.05,50,38250
20240209,11:39:56,818.0,50,38250
20240209,11:40:56,814.0,300,38200
20240209,11:41:07,810.0,150,38200
20240209,11:56:46,814.85,250,38250
20240209,11:57:43,810.05,50,38250
20240209,11:58:08,805.8,50,38250
20240209,12:01:24,805.7,300,38200
20240209,12:02:23,810.25,150,38250
20240209,12:05:00,810.0,50,38250
20240209,12:05:58,805.05,100,38250
20240209,12:06:13,810.0,50,38250
20240209,12:08:10,805.0,50,38200
20240209,12:09:00,801.5,300,38200
20240209,12:09:38,798.0,50,38200
20240209,12:10:07,801.05,50,38200
20240209,12:10:36,795.0,100,38200
20240209,12:23:14,795.0,100,38200
20240209,12:27:31,795.0,100,38200
20240209,12:27:39,794.05,50,38200
20240209,12:28:14,795.0,50,38200
20240209,12:30:34,783.0,100,38300
20240209,12:31:34,783.0,50,38300
20240209,12:33:59,781.0,200,38300
20240209,12:53:35,781.0,100,38300
20240209,12:54:33,785.55,100,38300
20240209,12:59:50,787.5,100,38300
20240209,13:09:08,794.6,100,38300
20240209,13:14:40,786.0,50,38350
20240209,13:15:53,785.35,50,38350
20240209,13:19:59,800.0,100,38350
20240209,13:25:19,794.45,100,38450
20240209,13:33:53,803.5,50,38400
20240209,13:43:20,796.25,50,38400
20240209,13:44:43,795.55,150,38400
20240209,13:57:39,785.55,100,38400
20240209,13:59:22,790.55,50,38400
20240209,14:04:01,790.2,150,38450
20240209,14:04:36,790.5,50,38450
20240209,14:07:16,790.1,50,38500
20240209,14:10:15,790.95,50,38500
20240209,14:12:33,784.0,250,38500
20240209,14:13:26,779.45,200,38500
20240209,14:13:46,779.45,100,38500
20240209,14:14:06,772.5,50,38500
20240209,14:15:05,772.5,150,38600
20240209,14:19:11,773.5,50,38550
20240209,14:19:29,771.0,50,38550
20240209,14:19:30,767.65,50,38550
20240209,14:20:57,767.65,200,38450
20240209,14:23:22,767.65,50,38450
20240209,14:24:38,779.1,300,38450
20240209,14:36:58,769.1,300,38450
20240209,14:39:20,765.0,50,38400
20240209,14:41:52,754.6,150,38450
20240209,14:46:46,754.6,100,38450
20240209,14:56:39,767.0,50,38450
20240209,15:01:05,780.9,200,38400
20240209,15:10:57,752.1,100,38450
20240209,15:20:45,752.1,50,38400
20240209,15:26:05,763.25,250,38400
20240209,15:27:19,758.85,100,38650
20240209,15:29:23,766.0,100,38750
20240212,09:25:02,756.25,1,38750
20240212,09:25:02,756.25,300,38750
20240212,09:34:01,754.95,100,38750
20240212,09:40:04,759.4,50,38800
20240212,10:01:16,794.5,50,38850
20240212,10:02:11,799.0,50,38850
20240212,10:11:15,810.0,150,38900
20240212,10:13:00,810.0,300,38900
20240212,10:15:11,806.0,50,38900
20240212,10:19:00,797.0,150,38900
20240212,10:27:21,820.5,700,38900
20240212,10:27:32,825.0,200,38900
20240212,10:27:55,830.0,300,38800
20240212,10:33:46,830.0,200,38800
20240212,10:36:13,806.55,50,38900
20240212,11:06:08,801.65,50,38900
20240212,11:11:23,792.0,100,38950
20240212,11:11:53,795.0,50,38950
20240212,11:12:35,791.25,50,38950
20240212,11:14:43,789.25,100,39000
20240212,11:16:27,791.0,200,39000
20240212,11:16:58,786.0,200,39000
20240212,11:19:00,788.35,50,39000
20240212,11:38:55,796.5,50,39000
20240212,11:46:08,796.5,200,39050
20240212,11:52:50,801.0,50,39050
20240212,11:54:15,819.4,50,39050
20240212,12:03:57,815.0,350,39100
20240212,12:04:09,821.85,50,39100
20240212,12:05:15,829.95,50,39400
20240212,12:05:27,830.0,50,39400
20240212,12:08:25,848.75,50,39400
20240212,12:08:51,848.75,500,39400
20240212,12:09:03,845.0,300,39400
20240212,12:09:15,850.0,400,39400
20240212,12:09:27,850.0,100,39400
20240212,12:09:48,850.0,100,39400
20240212,12:09:58,844.0,50,39400
20240212,12:10:17,841.1,50,39250
20240212,12:10:26,841.05,100,39250
20240212,12:10:36,836.1,250,39250
20240212,12:10:56,838.35,50,39250
20240212,12:12:08,838.0,100,39250
20240212,12:12:18,838.35,100,39250
20240212,12:13:21,821.6,50,38950
20240212,12:18:05,813.1,50,39000
20240212,12:20:56,801.45,100,39000
20240212,12:38:36,811.0,100,39000
20240212,12:43:39,801.1,50,38950
20240212,12:48:31,824.6,100,39000
20240212,12:49:20,830.0,50,39000
20240212,12:51:37,818.7,50,39000
20240212,12:54:57,817.6,50,39050
20240212,13:00:35,846.95,150,39100
20240212,13:00:37,849.9,100,39100
20240212,13:00:51,850.0,350,39100
20240212,13:00:54,850.4,300,39100
20240212,13:02:38,869.45,50,39100
20240212,13:03:54,873.55,100,39100
20240212,13:11:32,873.55,50,39200
20240212,13:16:22,836.55,300,39150
20240212,13:16:54,838.65,50,39150
20240212,13:16:56,838.65,50,39150
20240212,13:17:07,838.65,50,39150
20240212,13:17:11,837.9,50,39150
20240212,13:17:18,837.9,50,39150
20240212,13:17:20,837.9,50,39150
20240212,13:17:36,837.9,50,39150
20240212,13:28:18,845.5,200,39500
20240212,13:28:37,840.0,50,39500
20240212,13:31:54,843.0,200,39600
20240212,13:32:11,843.0,100,39600
20240212,13:32:36,842.0,100,39600
20240212,13:32:38,841.0,200,39600
20240212,13:32:43,840.0,100,39600
20240212,13:33:52,825.0,100,39600
20240212,13:34:11,823.0,200,39600
20240212,13:35:04,822.0,100,39500
20240212,13:35:13,821.0,100,39500
20240212,13:35:22,819.0,100,39500
20240212,13:35:27,818.0,100,39500
20240212,13:35:49,817.0,100,39500
20240212,13:35:55,816.0,100,39500
20240212,13:36:00,815.0,100,39500
20240212,13:38:27,814.85,400,39500
20240212,13:38:48,814.85,350,39500
20240212,13:39:14,819.75,100,39500
20240212,13:39:15,819.75,50,39500
20240212,13:39:17,819.0,250,39500
20240212,13:39:43,823.95,50,39500
20240212,13:39:48,824.0,250,39500
20240212,13:40:45,825.0,250,39600
20240212,13:41:02,825.0,250,39600
20240212,13:41:38,827.0,250,39600
20240212,13:42:08,830.0,250,39600
20240212,13:43:01,827.0,250,39600
20240212,13:43:59,827.0,500,39600
20240212,13:44:41,828.0,500,39600
20240212,13:45:27,832.0,500,39600
20240212,13:45:36,832.0,500,39600
20240212,13:46:55,820.0,500,39600
20240212,14:12:46,810.0,50,39600
20240212,14:14:00,801.05,150,39600
20240212,14:14:04,801.0,50,39600
20240212,14:14:14,801.0,50,39600
20240212,14:15:47,800.95,50,39600
20240212,14:22:58,840.0,50,39550
20240212,14:38:04,827.25,100,39550
20240212,14:40:56,840.0,200,39600
20240212,14:41:08,843.7,150,39600
20240212,14:53:27,847.55,100,39550
20240212,14:59:48,848.9,50,39550
20240212,15:00:47,839.75,50,39550
20240212,15:11:53,848.6,150,39600
20240212,15:12:17,850.0,50,39600
20240212,15:13:29,850.0,50,39650
20240212,15:14:09,849.0,50,39650
20240212,15:15:04,850.0,200,39650
20240212,15:15:28,840.0,50,39650
20240212,15:22:12,837.0,50,39600
20240212,15:28:22,830.15,100,39600
20240212,15:29:08,830.9,150,39600
20240212,15:29:49,833.45,100,39600
20240212,15:30:00,832.7,100,39600
20240213,09:18:05,830.0,1,39950
20240213,09:18:05,830.0,50,39950
20240213,09:29:29,860.0,50,39950
20240213,09:30:01,860.0,100,39950
20240213,09:47:58,840.0,50,39950
20240213,09:55:15,830.0,250,39950
20240213,10:10:19,799.0,100,39950
20240213,10:13:21,796.0,400,39950
20240213,10:16:03,794.5,300,39550
20240213,10:31:36,750.0,1650,39550
20240213,10:31:45,750.0,300,39550
20240213,10:32:15,796.55,1400,39550
20240213,10:33:31,796.55,100,39550
20240213,10:34:58,796.0,100,42150
20240213,10:40:09,791.0,100,42150
20240213,10:48:41,800.0,150,42250
20240213,10:51:33,781.0,50,42250
20240213,10:53:25,776.95,100,42250
20240213,11:00:08,787.75,50,42250
20240213,11:10:55,777.8,50,42250
20240213,11:12:42,777.75,50,42250
20240213,11:20:38,784.9,100,42250
20240213,11:23:26,790.0,50,42250
20240213,11:42:06,805.1,50,42250
20240213,11:44:11,803.2,150,42250
20240213,11:49:01,803.2,250,42300
20240213,11:52:04,800.0,300,42550
20240213,11:54:30,789.9,150,42550
20240213,12:04:08,799.55,50,42650
20240213,12:28:57,840.0,50,42650
20240213,12:31:40,832.8,700,42650
20240213,12:35:02,825.6,50,42650
20240213,12:36:37,833.3,100,42650
20240213,12:53:06,833.05,950,42650
20240213,12:59:09,818.25,100,42650
20240213,13:00:22,798.0,50,42650
20240213,13:26:28,795.85,100,42650
20240213,13:32:52,789.0,400,42700
20240213,13:33:13,786.0,200,42700
20240213,13:33:42,785.0,50,42700
20240213,13:34:43,780.0,500,42800
20240213,13:45:06,775.0,50,42800
20240213,13:45:36,775.0,200,42800
20240213,13:45:46,775.0,50,42800
20240213,14:25:57,775.0,50,42800
20240213,14:30:25,772.3,50,42800
20240213,14:33:27,768.0,50,42800
20240213,14:34:39,767.45,50,42800
20240213,14:35:29,772.45,150,42800
20240213,14:35:50,765.9,200,42800
20240213,14:36:00,768.5,350,42800
20240213,14:42:09,776.5,50,43450
20240213,14:42:48,779.75,50,43450
20240213,14:54:27,775.75,50,43450
20240213,15:11:38,760.0,50,43450
20240213,15:13:13,760.0,50,43450
20240213,15:13:23,756.8,50,43450
20240213,15:13:51,756.8,50,43500
20240213,15:16:05,760.0,100,43500
20240213,15:27:34,770.0,200,43500
20240213,15:28:02,768.35,200,43500
20240213,15:28:11,770.0,250,43500
20240213,15:28:40,773.0,50,43500
20240214,09:18:57,850.05,1,43500
20240214,09:18:57,855.45,1,43500
20240214,09:18:57,850.0,1,43500
20240214,09:18:57,855.4,350,43500
20240214,09:20:01,853.3,50,43500
20240214,09:20:05,855.4,100,43500
20240214,09:20:15,850.0,250,43500
20240214,09:22:28,850.0,50,43600
20240214,09:22:38,860.0,100,43600
20240214,09:23:00,869.0,100,43600
20240214,09:23:12,874.0,700,43600
20240214,09:23:33,874.0,650,43600
20240214,09:26:19,900.9,250,43650
20240214,09:28:38,900.9,200,43900
20240214,09:30:46,888.0,50,43900
20240214,09:31:32,886.1,50,43700
20240214,09:35:27,889.95,50,43650
20240214,09:36:21,865.55,2700,43650
20240214,09:36:31,870.95,300,43650
20240214,09:38:35,859.55,50,43600
20240214,09:39:01,857.15,100,43600
20240214,09:39:33,854.35,150,43600
20240214,09:40:09,854.35,150,43600
20240214,09:58:23,849.15,100,43600
20240214,10:02:33,842.0,50,43650
20240214,10:07:34,842.0,50,43650
20240214,10:13:48,846.6,100,43650
20240214,10:17:42,844.0,250,43700
20240214,10:20:15,832.8,100,43450
20240214,10:21:22,836.0,350,43450
20240214,10:21:55,837.0,150,43450
20240214,10:34:13,855.35,250,43400
20240214,10:47:28,855.0,200,43400
20240214,10:56:19,831.0,250,43400
20240214,10:57:30,824.0,150,43400
20240214,10:58:12,816.2,150,43300
20240214,10:58:22,816.05,100,43300
20240214,11:17:58,850.0,50,43400
20240214,11:36:30,852.3,450,43400
20240214,11:40:33,846.5,50,43400
20240214,11:40:50,846.5,50,43400
20240214,11:46:29,844.45,50,43400
20240214,11:49:32,840.5,50,43400
20240214,11:50:06,839.5,100,43400
20240214,11:59:24,831.55,150,43400
20240214,11:59:42,831.55,50,43400
20240214,12:07:06,831.5,500,43300
20240214,12:09:07,838.4,50,43300
20240214,12:10:35,832.35,50,43250
20240214,12:15:41,824.05,50,43250
20240214,12:15:49,825.0,100,43250
20240214,12:16:34,823.45,100,43250
20240214,12:16:47,823.15,100,43250
20240214,12:16:54,824.0,200,43250
20240214,12:29:21,800.05,50,43350
20240214,12:31:01,800.05,150,43350
20240214,12:31:05,800.0,300,43350
20240214,12:31:10,797.85,50,43350
20240214,12:31:21,797.7,250,43250
20240214,12:33:27,801.75,100,43250
20240214,12:40:19,810.0,50,43300
20240214,12:43:56,814.35,100,43300
20240214,12:50:38,815.0,50,43400
20240214,12:55:56,806.25,150,43400
20240214,12:55:56,805.85,100,43400
20240214,13:10:08,790.75,50,43250
20240214,13:14:52,790.75,150,43250
20240214,13:15:08,794.5,100,43250
20240214,13:15:16,794.5,100,43250
20240214,13:26:55,807.35,100,43350
20240214,13:29:25,803.55,150,43250
20240214,13:34:41,825.0,500,43250
20240214,13:34:54,820.9,200,43250
20240214,13:34:58,812.05,50,43250
20240214,13:40:25,812.7,50,43250
20240214,13:41:46,812.05,50,43250
20240214,13:47:26,800.05,50,43300
20240214,13:47:28,800.0,50,43300
20240214,13:48:11,795.0,50,43300
20240214,13:48:53,792.8,500,43300
20240214,13:48:54,794.95,250,43300
20240214,13:49:23,797.45,100,43300
20240214,13:49:53,797.7,50,43400
20240214,13:50:32,798.4,50,43400
20240214,13:56:03,810.0,300,43400
20240214,13:56:28,810.0,250,43400
20240214,14:03:09,795.05,150,43400
20240214,14:07:19,794.0,50,43300
20240214,14:12:04,781.3,50,43350
20240214,14:13:22,780.0,100,43350
20240214,14:15:29,766.65,50,43400
20240214,14:16:25,766.65,100,43400
20240214,14:20:32,765.95,50,43450
20240214,14:21:48,765.95,300,43450
20240214,14:24:28,751.0,50,43450
20240214,14:24:29,750.65,50,43550
20240214,14:26:46,750.65,200,43550
20240214,14:32:17,752.0,150,43600
20240214,14:32:45,748.0,50,43600
20240214,14:32:55,740.0,200,43600
20240214,14:39:18,721.55,100,43550
20240214,14:40:12,716.9,50,43550
20240214,14:41:05,714.95,300,43550
20240214,14:42:10,725.0,100,43550
20240214,14:42:27,720.8,50,43550
20240214,14:43:15,721.4,50,43550
20240214,14:47:00,719.0,100,43550
20240214,14:53:09,715.0,250,43550
20240214,14:54:35,716.5,250,43550
20240214,14:58:43,700.0,50,43550
20240214,15:00:02,695.05,50,43600
20240214,15:00:14,695.05,300,43600
20240214,15:00:45,691.9,50,43600
20240214,15:01:04,689.0,50,43600
20240214,15:01:16,682.4,50,43600
20240214,15:01:38,682.4,250,43600
20240214,15:01:58,682.9,50,43750
20240214,15:02:27,682.9,50,43750
20240214,15:03:26,688.15,450,43750
20240214,15:03:54,692.15,450,43750
20240214,15:04:04,693.0,450,43750
20240214,15:04:33,691.4,450,43750
20240214,15:05:17,690.5,500,45550
20240214,15:05:26,690.95,450,45550
20240214,15:07:12,698.0,100,45550
20240214,15:11:02,696.7,50,46350
20240214,15:13:48,711.05,100,46350
20240214,15:13:49,710.7,50,46350
20240214,15:18:54,700.95,50,46400
20240214,15:20:35,701.0,350,46350
20240214,15:26:05,699.1,300,46350
20240214,15:27:04,698.55,250,46350
20240214,15:27:30,697.45,100,46350
20240215,09:15:30,693.6,1,46250
20240215,09:15:30,693.6,50,46250
20240215,09:15:50,681.45,50,46250
20240215,09:16:58,674.25,150,46250
20240215,09:17:38,674.25,250,46250
20240215,09:19:51,680.0,50,46050
20240215,09:20:31,688.0,100,46050
20240215,09:21:42,690.0,50,46050
20240215,09:26:51,690.0,1000,46050
20240215,09:32:11,695.0,1000,46050
20240215,09:32:21,695.0,150,46050
20240215,09:35:34,710.0,250,46050
20240215,09:35:38,710.0,250,46100
20240215,09:38:06,710.0,1600,46100
20240215,09:38:42,701.2,50,46100
20240215,09:40:01,722.05,50,46150
20240215,09:42:09,722.05,100,46150
20240215,09:44:52,719.0,50,46150
20240215,09:48:09,718.65,50,46150
20240215,09:48:22,696.1,100,46150
20240215,09:48:24,690.65,100,46150
20240215,09:49:46,691.85,50,46150
20240215,09:50:41,690.0,100,46150
20240215,09:51:56,698.5,50,46200
20240215,09:53:10,700.0,50,46200
20240215,09:54:59,716.15,100,46200
20240215,09:55:00,716.2,50,46250
20240215,09:55:05,729.8,150,46250
20240215,09:56:52,729.8,150,46250
20240215,10:00:02,734.25,50,46300
20240215,10:06:06,734.25,50,46300
20240215,10:06:41,704.1,50,46350
20240215,10:09:00,700.0,50,46400
20240215,10:12:05,700.0,50,46400
20240215,10:13:36,700.05,50,46450
20240215,10:14:03,700.05,100,46450
20240215,10:16:01,690.0,50,46450
20240215,10:22:21,692.95,900,46450
20240215,10:22:23,692.95,50,46450
20240215,10:22:24,693.0,200,46450
20240215,10:22:32,693.0,300,46450
20240215,10:22:41,692.0,350,46450
20240215,10:23:06,690.0,450,46450
20240215,10:27:12,687.45,50,46550
20240215,10:32:20,683.45,50,46550
20240215,10:33:11,690.0,150,46550
20240215,10:33:12,690.0,250,46550
20240215,10:33:13,690.0,200,46550
20240215,10:33:14,690.0,400,46550
20240215,10:34:41,689.95,100,46550
20240215,10:34:49,690.0,250,46550
20240215,10:34:57,690.0,250,46550
20240215,10:35:01,690.0,300,46550
20240215,10:35:13,690.0,400,46550
20240215,10:36:45,692.3,50,46550
20240215,10:37:11,692.7,100,46650
20240215,10:37:58,693.9,300,46650
20240215,10:38:36,689.4,400,46650
20240215,10:41:35,699.9,100,47350
20240215,10:45:22,698.55,150,47350
20240215,10:56:01,693.7,50,47450
20240215,10:56:09,693.75,50,47450
20240215,10:57:12,710.5,50,47450
20240215,10:59:23,702.55,100,47500
20240215,11:00:47,695.55,100,47500
20240215,11:03:37,702.05,50,47500
20240215,11:10:00,695.55,50,47550
20240215,11:10:54,692.0,50,47550
20240215,11:11:30,690.0,250,47550
20240215,11:11:34,690.0,50,47550
20240215,11:11:43,690.0,50,47550
20240215,11:11:47,690.0,50,47550
20240215,11:13:34,690.0,50,47600
20240215,11:22:15,690.0,400,47600
20240215,11:22:24,690.6,50,47600
20240215,11:22:33,691.2,50,47600
20240215,11:22:50,690.45,50,47600
20240215,11:22:59,692.5,100,47600
20240215,11:23:08,694.6,150,47600
20240215,11:23:16,694.6,50,47600
20240215,11:23:24,694.6,50,47600
20240215,11:23:40,694.6,50,47600
20240215,11:23:58,690.0,150,47600
20240215,11:24:33,694.75,150,47600
20240215,11:24:51,699.15,50,47600
20240215,11:32:21,705.95,50,46950
20240215,11:33:14,704.95,50,46950
20240215,11:38:46,692.6,100,46850
20240215,11:54:23,687.2,100,46750
20240215,11:59:08,690.0,50,46750
20240215,12:06:19,698.0,50,46750
20240215,12:06:34,696.1,50,46750
20240215,12:07:37,697.4,50,46650
20240215,12:10:54,699.55,50,46650
20240215,12:12:05,697.95,50,46650
20240215,12:12:53,692.55,50,46650
20240215,12:19:32,698.0,100,46700
20240215,12:23:09,690.05,150,46600
20240215,12:23:11,690.05,50,46600
20240215,12:23:12,690.0,50,46600
20240215,12:33:36,708.85,50,46600
20240215,12:34:04,710.0,50,46600
20240215,12:38:39,697.25,50,46650
20240215,12:59:56,688.05,50,46650
20240215,13:04:32,688.1,50,46650
20240215,13:13:17,686.45,50,46650
20240215,13:17:34,695.35,50,46650
20240215,13:32:29,689.6,100,46650
20240215,13:33:43,680.15,350,46650
20240215,13:36:18,677.1,50,46650
20240215,13:36:19,677.0,50,46650
20240215,13:41:52,650.05,50,46600
20240215,13:41:55,650.05,50,46600
20240215,13:41:57,650.05,50,46600
20240215,13:42:00,650.05,50,46600
20240215,13:42:01,650.0,1300,46600
20240215,13:42:15,645.0,50,46600
20240215,13:43:33,645.0,50,46600
20240215,13:43:53,646.25,50,46550
20240215,13:44:10,646.25,250,46550
20240215,13:44:48,641.4,250,46550
20240215,13:45:45,641.4,150,46550
20240215,13:46:44,649.0,250,46700
20240215,13:48:11,643.85,50,46700
20240215,13:48:33,649.4,50,46700
20240215,13:49:08,643.5,150,46700
20240215,13:55:07,650.0,50,46400
20240215,13:55:40,644.85,1200,46400
20240215,14:02:56,646.0,50,47600
20240215,14:03:49,652.8,150,47600
20240215,14:05:21,652.8,2350,47500
20240215,14:07:05,650.6,50,47500
20240215,14:08:26,650.0,250,45200
20240215,14:15:03,657.15,2650,45200
20240215,14:18:05,652.0,100,47800
20240215,14:22:57,653.4,700,47800
20240215,14:24:11,655.85,150,47800
20240215,14:24:21,660.0,150,47800
20240215,14:24:32,663.05,300,47800
20240215,14:27:11,660.8,100,48450
20240215,14:30:20,666.35,1000,48550
20240215,14:30:37,663.55,900,48550
20240215,14:30:46,663.7,900,48550
20240215,14:34:18,664.9,50,45950
20240215,14:39:37,660.0,100,45950
20240215,14:39:56,659.8,50,45950
20240215,14:49:34,659.8,200,45950
20240215,14:49:43,659.8,50,45950
20240215,14:50:00,660.0,100,45950
20240215,14:50:28,660.0,150,45950
20240215,14:50:37,659.1,100,45950
20240215,14:50:46,657.0,50,45950
20240215,14:52:15,657.05,1100,45950
20240215,14:53:07,651.05,50,46300
20240215,14:53:44,657.05,1000,46300
20240215,14:53:53,660.0,500,46300
20240215,14:54:02,660.0,50,46300
20240215,14:54:11,660.0,1050,46300
20240215,14:55:16,653.15,50,46300
20240215,14:56:25,648.0,200,46300
20240215,14:58:05,657.65,1000,46300
20240215,15:00:04,652.4,100,46450
20240215,15:01:49,655.0,1500,46450
20240215,15:04:22,649.7,150,46550
20240215,15:04:25,650.45,150,46550
20240215,15:04:33,647.2,300,46550
20240215,15:04:43,649.1,450,47050
20240215,15:04:52,649.4,600,47050
20240215,15:05:01,650.3,300,47050
20240215,15:05:11,647.7,50,47050
20240215,15:06:40,649.65,50,47050
20240215,15:10:38,652.0,50,48450
20240215,15:14:33,650.0,50,48450
20240215,15:17:49,643.1,100,48450
20240215,15:18:29,640.0,200,48450
20240215,15:19:42,638.3,200,48650
20240215,15:19:53,638.3,50,48650
20240215,15:21:53,639.55,100,48650
20240215,15:23:37,636.9,50,48850
20240215,15:23:56,634.65,50,48850
20240215,15:25:05,633.5,200,48850
20240215,15:26:27,633.5,50,49000
20240215,15:26:35,635.0,50,49000
20240215,15:27:10,635.4,400,49000
20240215,15:27:28,633.0,100,49000
20240215,15:28:23,630.0,250,49000
20240215,15:29:37,630.0,50,49300
20240215,15:30:00,633.0,100,49300
20240216,09:17:25,628.9,1,49400
20240216,09:17:25,628.9,100,49400
20240216,09:18:44,627.9,50,49500
20240216,09:18:51,615.6,150,49500
20240216,09:19:07,615.1,50,49500
20240216,09:19:19,615.1,50,49500
20240216,09:21:11,616.05,50,49500
20240216,09:21:42,615.95,200,49400
20240216,09:22:24,612.45,50,49400
20240216,09:22:57,611.3,100,49400
20240216,09:23:09,611.3,100,49400
20240216,09:24:30,604.9,50,49400
20240216,09:25:25,604.9,50,49400
20240216,09:26:06,617.45,50,49400
20240216,09:26:54,617.45,50,49400
20240216,09:27:10,617.45,250,49400
20240216,09:27:17,617.45,2000,49400
20240216,09:27:24,617.45,50,49400
20240216,09:27:37,617.45,200,47200
20240216,09:28:14,622.0,700,47200
20240216,09:28:29,622.95,200,47200
20240216,09:28:43,621.85,500,47200
20240216,09:29:03,618.45,50,47200
20240216,09:29:25,613.15,50,47200
20240216,09:29:34,614.25,50,47200
20240216,09:29:55,616.25,50,47200
20240216,09:30:02,616.1,50,47200
20240216,09:32:01,613.85,200,46200
20240216,09:32:13,614.3,100,46200
20240216,09:33:38,617.0,50,46200
20240216,09:34:26,615.0,250,46100
20240216,09:34:42,615.0,200,46100
20240216,09:34:44,615.0,50,46100
20240216,09:34:45,615.0,200,46100
20240216,09:35:07,613.0,750,46100
20240216,09:35:26,613.4,50,46100
20240216,09:36:08,609.5,200,46100
20240216,09:37:04,612.0,50,46250
20240216,09:40:01,611.75,1000,46300
20240216,09:40:17,608.0,50,46300
20240216,09:42:20,608.0,150,46300
20240216,09:47:29,622.0,50,45400
20240216,09:49:06,624.0,200,45450
20240216,09:55:01,615.0,100,45500
20240216,09:55:33,612.5,200,45500
20240216,10:01:03,610.0,350,45550
20240216,10:06:23,607.0,50,45550
20240216,10:06:38,606.0,250,45550
20240216,10:09:18,606.0,50,45800
20240216,10:09:53,602.0,150,45600
20240216,10:10:01,596.75,1050,45600
20240216,10:11:14,601.65,100,45600
20240216,10:11:44,601.65,50,45600
20240216,10:12:20,597.8,50,45600
20240216,10:13:11,599.0,100,46600
20240216,10:18:14,606.5,50,46600
20240216,10:26:11,601.5,50,46600
20240216,10:29:05,598.95,50,46600
20240216,10:31:23,600.0,350,46650
20240216,10:37:08,606.05,50,46650
20240216,10:38:31,610.0,50,46650
20240216,10:39:00,609.7,50,46650
20240216,10:40:23,609.7,50,46650
20240216,10:46:39,600.75,100,46650
20240216,10:50:14,609.0,50,46750
20240216,10:55:30,606.8,50,46750
20240216,10:57:04,606.8,50,46750
20240216,11:19:30,605.55,100,46750
20240216,11:21:46,600.35,500,46750
20240216,11:28:26,597.9,100,47200
20240216,11:29:38,600.0,50,47200
20240216,11:38:42,610.0,250,47300
20240216,11:40:33,615.0,500,47300
20240216,11:41:06,611.0,250,47300
20240216,11:42:59,612.45,150,47300
20240216,11:44:43,607.05,150,47300
20240216,11:44:51,607.0,200,47300
20240216,11:54:08,608.65,150,47300
20240216,11:59:02,600.0,1150,47150
20240216,12:09:03,598.0,300,47150
20240216,12:19:53,604.9,50,46850
20240216,12:21:10,604.0,50,46850
20240216,12:24:26,607.45,100,46900
20240216,12:25:03,608.7,50,46950
20240216,12:26:23,602.75,50,46950
20240216,12:27:24,610.05,100,46950
20240216,12:27:32,612.0,50,46950
20240216,12:44:51,605.0,100,46950
20240216,12:48:36,603.1,50,47050
20240216,12:54:52,600.0,50,47100
20240216,12:55:06,602.05,50,47050
20240216,12:56:39,595.3,50,47050
20240216,12:58:00,595.3,50,47050
20240216,12:58:06,595.35,50,47100
20240216,12:59:10,600.0,200,47100
20240216,13:00:28,600.0,200,47100
20240216,13:01:01,595.1,100,47100
20240216,13:01:58,595.1,200,46850
20240216,13:02:46,595.75,200,46850
20240216,13:05:23,601.2,200,46850
20240216,13:06:07,600.25,50,46850
20240216,13:06:32,602.85,200,46850
20240216,13:07:11,601.7,200,46950
20240216,13:09:14,601.7,150,46950
20240216,13:12:28,595.0,250,46950
20240216,13:12:32,595.0,200,46950
20240216,13:12:59,600.9,200,46950
20240216,13:14:22,601.65,200,46850
20240216,13:15:06,601.65,200,46850
20240216,13:17:13,595.6,100,46850
20240216,13:22:50,596.1,100,46850
20240216,13:46:42,597.0,100,46950
20240216,13:47:04,596.1,50,46950
20240216,13:48:11,596.1,50,46950
20240216,13:48:15,595.05,50,46950
20240216,13:48:17,595.05,150,46950
20240216,13:48:22,595.0,100,46950
20240216,14:02:03,603.0,50,46850
20240216,14:02:29,598.0,50,46850
20240216,14:04:10,601.6,50,46850
20240216,14:08:39,595.7,50,46850
20240216,14:11:23,597.95,50,46850
20240216,14:12:09,595.7,600,46850
20240216,14:13:36,597.95,200,46800
20240216,14:20:07,600.0,50,47000
20240216,14:20:21,600.0,50,47000
20240216,14:20:49,600.0,50,47000
20240216,14:22:07,598.0,50,47000
20240216,14:28:50,599.0,100,47150
20240216,14:29:03,598.0,50,47150
20240216,14:29:18,595.05,50,47150
20240216,14:30:50,595.0,300,47150
20240216,14:31:09,590.0,350,47150
20240216,14:38:31,590.0,50,47150
20240216,14:40:19,585.0,50,46700
20240216,14:40:52,585.0,50,46700
20240216,14:47:42,585.0,100,46700
20240216,14:47:52,586.15,50,46700
20240216,14:49:07,590.85,50,46700
20240216,14:55:39,588.0,50,46750
20240216,14:55:52,588.0,50,46750
20240216,14:57:16,588.85,100,46750
20240216,15:03:16,584.5,50,46900
20240216,15:04:09,584.5,50,46900
20240216,15:04:39,588.3,50,46950
20240216,15:04:56,591.7,100,46950
20240216,15:06:50,594.35,50,46950
20240216,15:07:53,594.1,100,47100
20240216,15:08:58,592.0,100,47100
20240216,15:09:01,592.05,50,47100
20240216,15:12:02,592.0,50,47050
20240216,15:12:38,594.0,50,47050
20240216,15:13:43,598.0,100,47050
20240216,15:14:07,593.0,50,47050
20240216,15:15:44,594.5,50,47050
20240216,15:20:03,599.9,50,47050
20240216,15:20:15,600.0,250,47050
20240216,15:21:18,605.0,50,47050
20240216,15:21:29,605.0,50,47050
20240216,15:23:24,600.45,100,47350
20240216,15:23:30,601.05,450,47350
20240216,15:23:38,602.0,50,47350
20240216,15:25:29,601.0,50,47300
20240216,15:25:52,603.2,100,47300
20240216,15:27:49,598.45,50,47300
20240219,09:18:43,580.95,1,47150
20240219,09:18:43,580.95,100,47150
20240219,09:20:46,580.95,50,47150
20240219,09:21:09,581.0,250,47150
20240219,09:21:16,581.0,50,47150
20240219,09:21:30,581.0,350,47150
20240219,09:21:51,581.0,300,47700
20240219,09:22:00,582.0,1150,47700
20240219,09:23:07,582.0,250,47700
20240219,09:23:15,582.0,300,47700
20240219,09:23:37,582.0,500,47700
20240219,09:23:53,582.0,350,47700
20240219,09:24:30,581.75,150,47700
20240219,09:24:45,580.95,50,50200
20240219,09:24:52,580.95,150,50200
20240219,09:25:23,582.0,50,50200
20240219,09:25:39,583.0,250,50200
20240219,09:25:47,583.0,250,50200
20240219,09:25:56,583.0,500,50200
20240219,09:26:14,585.0,100,50200
20240219,09:27:15,585.0,50,50200
20240219,09:31:16,594.0,200,51300
20240219,09:32:02,594.0,50,51300
20240219,09:33:14,587.05,100,51300
20240219,09:33:28,587.05,100,51300
20240219,09:33:35,587.0,400,51300
20240219,09:37:04,584.0,100,51400
20240219,09:38:43,584.0,100,51400
20240219,09:39:53,585.6,600,51400
20240219,09:40:01,585.6,850,51400
20240219,09:40:09,586.0,2450,51400
20240219,09:42:47,588.0,300,55200
20240219,09:43:09,588.0,900,55200
20240219,09:44:06,588.2,750,55200
20240219,09:44:28,588.2,1350,55200
20240219,09:53:34,607.95,50,58500
20240219,09:55:11,608.0,50,58550
20240219,09:55:29,608.0,50,58550
20240219,09:56:56,609.0,400,58550
20240219,10:00:52,609.0,150,58600
20240219,10:01:00,602.75,50,58600
20240219,10:03:28,599.95,50,58600
20240219,10:03:37,594.95,150,58600
20240219,10:04:46,595.0,50,58600
20240219,10:08:13,595.0,100,58600
20240219,10:09:03,591.55,1500,58600
20240219,10:09:11,591.4,1500,58600
20240219,10:09:20,589.2,1000,58600
20240219,10:10:02,585.75,50,58800
20240219,10:10:17,589.05,50,58800
20240219,10:10:51,590.0,200,58800
20240219,10:11:21,588.5,50,58800
20240219,10:11:45,588.0,50,58800
20240219,10:12:06,589.0,200,58800
20240219,10:14:33,584.0,250,59050
20240219,10:15:44,582.0,50,59050
20240219,10:19:41,588.0,50,59050
20240219,10:19:56,587.45,50,59050
20240219,10:20:31,581.4,100,59050
20240219,10:21:19,581.5,50,59050
20240219,10:21:35,580.05,50,59050
20240219,10:21:43,580.0,400,59050
20240219,10:22:06,580.0,150,59150
20240219,10:22:36,580.15,50,59150
20240219,10:22:50,574.6,100,59150
20240219,10:25:22,562.15,100,59150
20240219,10:25:30,562.0,50,59150
20240219,10:25:40,561.6,500,59150
20240219,10:27:35,561.6,50,59150
20240219,10:30:37,571.0,100,59750
20240219,10:31:15,572.0,200,59850
20240219,10:31:45,572.5,200,59850
20240219,10:32:00,574.95,200,59850
20240219,10:32:08,574.95,200,59850
20240219,10:33:41,570.0,50,59850
20240219,10:34:30,571.25,100,59950
20240219,10:37:44,575.0,50,59900
20240219,10:46:36,574.95,50,59850
20240219,10:48:03,570.2,50,59850
20240219,10:52:47,577.05,50,59900
20240219,10:56:17,566.0,200,59900
20240219,10:57:45,560.0,50,59900
20240219,10:57:50,559.95,50,59900
20240219,10:57:56,559.95,200,59900
20240219,10:58:39,555.0,200,60150
20240219,11:00:17,555.0,150,60150
20240219,11:01:18,556.0,200,60500
20240219,11:01:24,556.5,50,60500
20240219,11:01:41,560.0,50,60500
20240219,11:06:48,560.0,100,60750
20240219,11:09:47,563.05,100,60850
20240219,11:10:37,560.1,100,60850
20240219,11:10:45,558.0,50,60850
20240219,11:11:49,559.0,100,60850
20240219,11:13:15,561.0,100,60850
20240219,11:15:04,555.0,550,60850
20240219,11:15:07,550.65,100,60850
20240219,11:16:07,550.35,100,60600
20240219,11:16:13,550.0,100,60600
20240219,11:16:20,550.0,50,60600
20240219,11:16:25,550.95,50,60600
20240219,11:16:29,551.0,50,60600
20240219,11:16:31,550.95,50,60600
20240219,11:16:32,550.0,50,60600
20240219,11:16:52,545.05,100,60600
20240219,11:16:53,545.0,50,60600
20240219,11:17:09,543.85,100,60600
20240219,11:17:50,543.85,100,60600
20240219,11:18:41,546.05,50,60600
20240219,11:18:49,546.0,100,60600
20240219,11:18:58,546.0,50,60600
20240219,11:19:36,546.0,100,60600
20240219,11:21:55,553.5,250,60600
20240219,11:23:07,551.8,100,60650
20240219,11:28:43,560.45,50,60650
20240219,11:29:29,555.0,50,60650
20240219,11:30:34,557.0,150,60650
20240219,11:32:41,561.0,50,60700
20240219,11:32:58,561.0,50,60700
20240219,11:33:51,559.75,50,60700
20240219,11:34:06,558.55,100,60800
20240219,11:34:22,558.55,150,60800
20240219,11:36:05,558.95,50,60800
20240219,11:36:49,559.05,350,60800
20240219,11:38:36,559.4,250,60850
20240219,11:38:44,559.1,150,60850
20240219,11:39:12,555.95,50,60850
20240219,11:40:46,555.95,50,60850
20240219,11:42:51,556.4,100,60850
20240219,11:46:03,551.15,100,60850
20240219,11:47:13,557.75,1000,60950
20240219,11:47:35,555.0,50,60950
20240219,11:48:41,554.0,50,60950
20240219,11:49:05,554.0,50,61000
20240219,11:49:35,551.15,50,61000
20240219,11:50:22,555.0,50,61000
20240219,11:53:37,551.5,50,61100
20240219,11:54:44,551.15,100,61100
20240219,11:54:58,552.65,50,61100
20240219,11:55:19,552.0,100,61150
20240219,11:55:54,550.0,50,61150
20240219,11:56:26,548.1,150,61150
20240219,11:56:34,548.15,100,61150
20240219,11:56:41,547.9,150,61150
20240219,11:56:49,547.95,150,61150
20240219,11:57:07,545.0,100,61150
20240219,11:57:55,542.35,200,61150
20240219,11:59:02,541.4,1000,61100
20240219,12:00:01,541.4,50,61100
20240219,12:00:15,544.0,50,61100
20240219,12:00:17,545.0,50,61100
20240219,12:00:56,545.0,100,61100
20240219,12:01:30,547.65,100,61350
20240219,12:01:53,550.0,100,61350
20240219,12:04:11,550.0,350,61400
20240219,12:05:15,549.9,150,61400
20240219,12:06:23,548.2,100,61400
20240219,12:06:49,548.0,200,61400
20240219,12:10:10,546.0,50,61500
20240219,12:10:40,546.6,100,61500
20240219,12:10:47,548.0,300,61500
20240219,12:11:00,549.35,300,61500
20240219,12:12:05,547.85,100,61500
20240219,12:12:32,544.6,50,61500
20240219,12:15:46,542.0,50,61550
20240219,12:15:53,542.0,900,61550
20240219,12:17:08,541.4,100,62500
20240219,12:21:40,542.0,50,62500
20240219,12:22:38,540.0,50,62450
20240219,12:25:58,540.0,50,62450
20240219,12:26:25,543.9,200,62450
20240219,12:33:36,543.9,50,62450
20240219,12:34:56,546.8,150,62400
20240219,12:35:34,543.9,150,62400
20240219,12:36:05,542.7,150,62400
20240219,12:37:40,543.65,100,62450
20240219,12:37:46,543.7,50,62450
20240219,12:38:31,542.75,300,62450
20240219,12:38:50,546.5,50,62450
20240219,12:39:21,543.0,150,62450
20240219,12:39:35,541.3,250,62450
20240219,12:42:25,538.0,50,62750
20240219,12:47:29,538.0,50,62750
20240219,12:47:42,542.9,50,62750
20240219,12:49:09,546.8,100,62750
20240219,12:52:22,540.0,500,62650
20240219,12:54:18,540.1,50,62650
20240219,12:55:50,544.25,50,63150
20240219,13:06:33,544.25,150,63200
20240219,13:07:07,544.25,50,63200
20240219,13:07:14,539.3,50,63200
20240219,13:12:53,538.05,100,63400
20240219,13:13:00,538.0,50,63400
20240219,13:15:33,534.3,200,63400
20240219,13:22:38,540.0,50,63400
20240219,13:22:56,540.0,50,63400
20240219,13:27:05,544.2,100,63400
20240219,13:27:12,544.25,100,63400
20240219,13:27:25,545.0,50,63400
20240219,13:28:12,540.95,300,63400
20240219,13:28:35,543.05,50,63850
20240219,13:31:01,549.95,50,63850
20240219,13:31:25,550.0,100,63850
20240219,13:31:40,542.8,50,63850
20240219,13:40:34,547.7,50,63900
20240219,13:42:16,544.0,50,63900
20240219,13:43:59,540.0,100,63900
20240219,13:45:24,538.0,100,63900
20240219,13:46:14,538.0,100,63900
20240219,13:48:27,537.5,50,64200
20240219,13:48:47,537.5,150,64200
20240219,13:50:13,539.3,50,64400
20240219,13:58:24,535.0,100,64400
20240219,14:09:54,537.85,50,64500
20240219,14:12:39,544.15,50,64550
20240219,14:15:14,543.5,150,64550
20240219,14:18:57,538.0,50,64550
20240219,14:21:29,538.0,100,64550
20240219,14:22:16,536.0,50,64550
20240219,14:23:02,533.4,150,64550
20240219,14:25:04,531.15,100,64550
20240219,14:25:13,531.1,350,64550
20240219,14:25:30,530.0,100,64550
20240219,14:25:48,530.0,50,64550
20240219,14:26:13,530.0,50,64550
20240219,14:26:47,530.0,50,64550
20240219,14:27:52,529.05,50,64550
20240219,14:28:53,529.05,50,64650
20240219,14:30:09,529.05,100,64650
20240219,14:30:43,532.0,50,64650
20240219,14:30:50,534.2,50,64650
20240219,14:32:50,533.0,50,64800
20240219,14:37:48,539.55,50,64800
20240219,14:41:52,539.5,50,64800
20240219,14:48:27,543.0,150,64750
20240219,14:48:53,547.5,50,64750
20240219,14:49:55,547.5,100,64800
20240219,14:50:03,547.0,100,64800
20240219,14:51:45,547.0,1100,64800
20240219,14:54:41,544.95,50,64650
20240219,14:55:16,547.3,50,64650
20240219,14:56:06,547.95,150,64650
20240219,14:56:59,548.8,50,64650
20240219,14:57:24,551.4,150,64650
20240219,14:57:34,553.7,50,64650
20240219,14:57:44,552.45,100,64650
20240219,14:59:27,552.45,50,64600
20240219,15:00:27,556.5,150,64600
20240219,15:00:36,553.7,100,64600
20240219,15:01:54,545.7,50,64700
20240219,15:03:40,555.0,150,64700
20240219,15:03:48,555.0,50,64700
20240219,15:03:58,555.0,50,64700
20240219,15:06:21,561.0,50,64850
20240219,15:06:30,559.1,550,64850
20240219,15:07:37,573.65,50,64850
20240219,15:08:07,572.85,50,64800
20240219,15:09:33,571.0,50,64800
20240219,15:09:52,572.45,100,64800
20240219,15:10:42,575.0,50,64850
20240219,15:14:01,564.85,200,64850
20240219,15:15:34,565.65,100,64850
20240219,15:16:16,565.0,50,64850
20240219,15:16:23,564.85,50,64850
20240219,15:18:18,560.0,100,64950
20240219,15:19:19,564.95,100,64950
20240219,15:19:26,565.0,150,64950
20240219,15:20:53,564.0,50,64950
20240219,15:21:24,560.0,50,65000
20240219,15:21:32,562.7,150,65000
20240219,15:21:55,564.0,300,65000
20240219,15:27:17,564.9,50,65100
20240219,15:27:33,567.45,400,65100
20240219,15:27:56,565.1,400,65100
20240219,15:29:14,571.65,100,65050
20240220,09:18:35,588.65,1,65050
20240220,09:18:35,588.65,100,65050
20240220,09:19:45,602.85,50,65050
20240220,09:20:41,602.85,500,65050
20240220,09:21:36,590.05,50,65050
20240220,09:23:27,600.1,50,65050
20240220,09:24:22,590.05,50,65550
20240220,09:25:37,590.0,100,65550
20240220,09:30:30,589.6,400,65550
20240220,09:31:04,589.6,450,65900
20240220,09:32:01,590.0,550,65900
20240220,09:32:10,596.35,50,65900
20240220,09:34:53,592.0,100,66800
20240220,09:36:31,591.5,200,66800
20240220,09:37:45,587.0,150,66600
20240220,09:40:41,587.0,100,66600
20240220,09:40:50,584.0,100,66600
20240220,09:42:31,580.0,50,66600
20240220,09:46:35,580.0,100,66600
20240220,09:47:47,581.1,50,66600
20240220,09:51:19,593.8,100,66700
20240220,09:55:59,603.35,50,66750
20240220,09:56:07,605.25,50,66750
20240220,09:56:18,613.9,850,66750
20240220,09:56:29,605.45,50,66750
20240220,09:57:38,609.35,50,66750
20240220,09:59:53,594.5,1000,66250
20240220,10:00:09,595.55,1000,66250
20240220,10:00:44,597.5,1000,66250
20240220,10:00:58,596.55,1000,66250
20240220,10:03:16,596.55,50,66000
20240220,10:10:19,590.0,400,66000
20240220,10:10:44,592.0,150,66000
20240220,10:11:09,592.0,50,66000
20240220,10:14:11,590.0,100,65950
20240220,10:16:29,576.45,150,65950
20240220,10:16:30,573.6,150,65950
20240220,10:19:06,573.6,50,65950
20240220,10:24:16,580.0,250,66050
20240220,10:29:37,576.2,100,65950
20240220,10:29:46,575.0,400,65950
20240220,10:33:29,575.0,50,65950
20240220,10:34:37,575.0,50,65950
20240220,10:48:12,586.35,50,65950
20240220,10:52:42,597.85,50,65950
20240220,10:55:23,594.0,50,65950
20240220,10:56:43,594.2,50,65950
20240220,10:59:25,597.0,150,66000
20240220,10:59:33,595.5,50,66000
20240220,11:00:04,595.2,200,66000
20240220,11:00:36,597.0,150,66000
20240220,11:01:55,595.0,100,66200
20240220,11:03:03,597.0,200,66200
20240220,11:04:41,597.0,50,66150
20240220,11:10:28,587.0,250,66150
20240220,11:13:43,586.0,50,66050
20240220,11:17:52,589.2,150,66050
20240220,11:19:08,580.0,50,66050
20240220,11:19:49,580.0,400,66050
20240220,11:20:06,578.0,50,66050
20240220,11:21:58,575.0,50,66050
20240220,11:23:00,573.0,50,66050
20240220,11:32:06,573.0,50,66050
20240220,11:32:37,570.0,50,66050
20240220,11:33:11,568.0,50,66050
20240220,11:34:20,568.0,50,66050
20240220,11:35:37,571.0,100,66050
20240220,11:37:46,574.95,50,66100
20240220,11:38:00,574.65,50,66100
20240220,11:38:52,575.0,50,66100
20240220,11:39:06,575.0,50,66100
20240220,11:40:35,578.05,100,66200
20240220,11:40:43,578.0,200,66200
20240220,11:42:42,583.0,100,66200
20240220,11:43:01,581.0,150,66200
20240220,11:43:08,580.0,100,66200
20240220,11:43:36,578.0,50,66250
20240220,11:44:04,574.45,100,66250
20240220,11:44:40,573.2,50,66250
20240220,11:45:32,573.8,100,66250
20240220,11:46:02,573.0,100,66250
20240220,11:51:28,571.45,50,66250
20240220,11:52:10,576.35,50,66250
20240220,11:52:20,574.95,50,66250
20240220,11:52:25,575.1,50,66150
20240220,11:53:04,572.1,150,66150
20240220,11:53:47,575.35,1500,66150
20240220,11:53:55,573.5,50,66150
20240220,11:55:36,574.4,50,66300
20240220,11:56:26,570.6,200,66300
20240220,11:56:42,570.6,50,66300
20240220,11:59:00,565.05,50,66150
20240220,11:59:17,565.0,50,66150
20240220,12:00:23,565.0,50,66150
20240220,12:00:34,563.0,50,66150
20240220,12:02:07,560.0,100,66150
20240220,12:02:26,557.0,50,66150
20240220,12:03:15,554.0,50,66150
20240220,12:05:57,554.0,50,66100
20240220,12:07:49,554.0,50,66150
20240220,12:09:59,550.0,100,66150
20240220,12:10:49,548.15,50,66150
20240220,12:13:59,548.15,100,66200
20240220,12:15:02,556.0,50,66200
20240220,12:25:27,554.15,50,66300
20240220,12:29:14,560.0,50,66300
20240220,12:29:34,560.0,50,66300
20240220,12:31:12,561.7,50,66300
20240220,12:33:24,562.0,50,66300
20240220,12:43:25,557.3,200,66300
20240220,12:43:31,556.7,200,66300
20240220,12:43:38,556.6,200,66200
20240220,12:43:45,556.1,400,66200
20240220,12:43:53,555.25,200,66200
20240220,12:44:00,555.25,400,66200
20240220,12:44:08,555.25,200,66200
20240220,12:44:15,556.1,200,66200
20240220,12:44:22,556.1,200,66200
20240220,12:59:27,558.75,150,66200
20240220,13:02:54,560.15,200,66150
20240220,13:06:09,560.15,50,66350
20240220,13:07:19,560.0,50,66350
20240220,13:10:09,557.4,50,66450
20240220,13:11:39,558.1,200,66500
20240220,13:12:45,557.75,250,66500
20240220,13:30:24,553.55,100,66950
20240220,13:31:45,554.0,100,66950
20240220,13:35:35,549.45,500,67050
20240220,13:36:39,556.5,150,67050
20240220,13:36:40,556.2,100,67050
20240220,13:36:57,558.9,100,67050
20240220,13:41:34,558.9,200,67650
20240220,13:48:56,557.0,50,67550
20240220,13:55:03,570.0,50,67600
20240220,13:55:10,573.95,50,67600
20240220,13:55:12,574.0,50,67600
20240220,14:01:46,578.0,50,67550
20240220,14:01:56,582.0,150,67550
20240220,14:02:07,586.0,100,67550
20240220,14:02:17,588.0,50,67550
20240220,14:02:32,588.0,50,67550
20240220,14:03:07,594.0,50,67550
20240220,14:04:34,594.0,50,67550
20240220,14:04:40,595.0,50,67550
20240220,14:04:50,595.95,100,67650
20240220,14:04:51,596.0,50,67650
20240220,14:05:12,591.0,50,67650
20240220,14:06:18,597.0,50,67650
20240220,14:06:24,598.0,50,67650
20240220,14:06:25,599.0,50,67650
20240220,14:09:02,586.05,100,67750
20240220,14:09:15,586.0,100,67750
20240220,14:11:15,577.0,50,67750
20240220,14:12:37,580.1,100,67750
20240220,14:12:59,585.5,100,67750
20240220,14:18:39,570.0,100,67700
20240220,14:21:01,570.0,50,67700
20240220,14:29:19,555.7,100,67750
20240220,14:33:29,557.55,50,67750
20240220,14:35:56,560.85,50,67750
20240220,14:36:11,560.0,50,67750
20240220,14:37:20,560.0,100,67750
20240220,14:37:36,561.0,150,67750
20240220,14:48:29,560.0,50,67850
20240220,14:50:15,565.9,50,67850
20240220,14:50:28,566.9,100,67850
20240220,14:51:04,565.0,50,67850
20240220,14:57:22,562.15,50,68050
20240220,14:59:37,571.3,250,68050
20240220,15:00:14,561.65,100,68050
20240220,15:00:47,564.5,50,68050
20240220,15:05:23,550.0,50,67850
20240220,15:06:28,547.55,50,67850
20240220,15:06:31,547.5,50,67850
20240220,15:06:35,547.0,50,67850
20240220,15:07:59,543.0,100,67850
20240220,15:10:33,542.0,100,67850
20240220,15:11:00,541.0,50,67850
20240220,15:11:55,541.0,150,67850
20240220,15:12:37,543.0,100,67850
20240220,15:15:25,542.0,150,68000
20240220,15:15:34,544.0,50,68000
20240220,15:16:06,542.0,50,68000
20240220,15:16:32,541.0,150,68000
20240220,15:16:41,540.5,200,68000
20240220,15:16:50,540.0,100,68000
20240220,15:17:10,538.0,550,67900
20240220,15:17:30,538.0,50,67900
20240220,15:17:40,537.95,100,67900
20240220,15:18:37,537.95,50,67900
20240220,15:19:17,542.0,50,67900
20240220,15:19:30,542.0,50,67900
20240220,15:19:46,542.35,50,67900
20240220,15:20:09,543.0,50,68450
20240220,15:21:04,542.95,50,68450
20240220,15:21:20,540.6,200,68450
20240220,15:21:51,540.6,50,68450
20240220,15:22:30,540.4,500,68450
20240220,15:22:46,540.4,750,68450
20240220,15:23:01,540.0,50,68450
20240220,15:24:30,540.4,50,69150
20240220,15:25:26,540.4,100,69150
20240220,15:26:02,540.4,100,69150
20240220,15:26:39,540.4,50,69350
20240220,15:26:47,540.0,50,69350
20240220,15:26:55,539.0,200,69350
20240220,15:27:21,539.45,100,69350
20240220,15:27:38,538.85,50,69350
20240220,15:27:45,538.6,50,69350
20240220,15:27:52,538.35,50,69350
20240220,15:28:00,538.25,150,69350
20240220,15:28:07,538.4,150,69350
20240221,09:16:16,541.4,1,69200
20240221,09:16:16,541.45,150,69200
20240221,09:16:41,547.95,50,69200
20240221,09:16:47,547.95,100,69200
20240221,09:16:52,541.0,50,69200
20240221,09:17:07,540.0,50,69200
20240221,09:17:22,540.0,150,69200
20240221,09:17:27,540.0,300,69200
20240221,09:17:43,540.0,250,69200
20240221,09:17:48,540.0,50,69200
20240221,09:18:42,533.7,50,69200
20240221,09:18:54,533.25,50,69200
20240221,09:18:55,533.25,50,69200
20240221,09:19:24,536.0,50,69200
20240221,09:19:45,535.0,50,69200
20240221,09:21:01,535.0,100,69200
20240221,09:22:17,539.95,100,69250
20240221,09:22:31,539.95,150,69250
20240221,09:22:45,540.55,100,69250
20240221,09:23:21,542.95,50,69250
20240221,09:23:28,542.05,50,69250
20240221,09:24:08,535.0,50,69250
20240221,09:26:03,535.75,100,69500
20240221,09:27:03,535.65,250,69500
20240221,09:27:10,537.3,100,69500
20240221,09:27:31,540.0,150,69500
20240221,09:30:06,540.55,50,69350
20240221,09:30:42,540.0,50,69350
20240221,09:31:10,540.0,100,69400
20240221,09:31:18,540.0,300,69400
20240221,09:32:05,540.0,150,69400
20240221,09:32:07,540.0,150,69400
20240221,09:32:27,539.0,150,69400
20240221,09:32:28,539.0,150,69400
20240221,09:32:29,539.0,450,69400
20240221,09:32:29,539.0,50,69400
20240221,09:32:58,534.65,50,69400
20240221,09:33:55,532.9,50,69400
20240221,09:34:01,532.0,50,69400
20240221,09:34:44,532.0,150,70800
20240221,09:36:03,532.15,50,70800
20240221,09:36:31,528.2,100,70800
20240221,09:39:07,525.9,50,70750
20240221,09:39:21,522.0,100,70750
20240221,09:41:41,522.0,500,70750
20240221,09:42:02,525.9,100,70750
20240221,09:45:00,522.9,700,70250
20240221,09:46:47,520.5,50,70150
20240221,09:47:22,520.0,50,70150
20240221,09:48:37,520.0,50,70150
20240221,09:49:41,525.0,100,70200
20240221,09:50:25,525.0,50,70200
20240221,09:53:51,520.0,100,70250
20240221,09:56:38,522.15,150,70250
20240221,09:56:45,521.15,50,70250
20240221,09:57:06,522.65,150,70250
20240221,09:59:01,520.0,700,70300
20240221,09:59:54,520.0,50,70300
20240221,10:01:02,519.95,50,70300
20240221,10:01:36,519.95,50,69750
20240221,10:03:08,523.95,100,69750
20240221,10:03:42,523.3,50,69750
20240221,10:05:25,517.0,500,69900
20240221,10:07:39,517.0,50,70300
20240221,10:07:48,520.0,150,70300
20240221,10:10:59,522.75,150,70500
20240221,10:11:04,522.5,50,70500
20240221,10:11:05,520.0,500,70500
20240221,10:12:53,525.5,50,70500
20240221,10:14:03,528.0,100,70600
20240221,10:15:20,530.5,100,70600
20240221,10:21:42,536.55,50,70700
20240221,10:21:49,536.95,50,70700
20240221,10:22:25,539.4,50,70750
20240221,10:22:45,539.0,100,70750
20240221,10:23:20,537.0,50,70750
20240221,10:23:47,536.0,50,70750
20240221,10:25:32,532.0,750,70850
20240221,10:26:12,530.0,100,70850
20240221,10:28:16,539.0,500,70850
20240221,10:28:27,540.55,50,71200
20240221,10:28:37,543.25,50,71200
20240221,10:28:46,543.25,50,71200
20240221,10:28:59,543.25,50,71200
20240221,10:30:10,540.0,50,71200
20240221,10:30:18,540.15,50,71200
20240221,10:30:25,540.15,50,71200
20240221,10:31:02,535.5,50,71200
20240221,10:31:09,535.7,150,71200
20240221,10:31:16,536.0,100,71200
20240221,10:32:47,532.5,50,71700
20240221,10:33:21,531.0,50,71700
20240221,10:38:48,536.4,100,71750
20240221,10:39:40,537.1,50,71750
20240221,10:39:43,537.0,50,71750
20240221,10:39:47,537.0,50,71750
20240221,10:39:55,537.0,150,71750
20240221,10:40:03,537.0,50,71750
20240221,10:40:08,536.25,100,71750
20240221,10:40:30,540.15,100,72000
20240221,10:43:38,540.15,50,72100
20240221,10:44:14,542.0,100,72100
20240221,10:44:34,544.4,50,72100
20240221,10:45:57,548.0,100,72100
20240221,10:46:07,550.0,100,72100
20240221,10:47:36,550.0,100,72100
20240221,10:49:19,545.0,50,72100
20240221,10:50:53,544.0,150,72200
20240221,10:51:00,544.9,100,72200
20240221,10:51:52,549.9,50,72200
20240221,10:52:02,549.9,50,72200
20240221,10:59:05,536.55,50,72300
20240221,11:00:18,537.2,50,72300
20240221,11:00:40,537.2,50,72300
20240221,11:01:23,532.0,100,72300
20240221,11:02:02,532.0,100,72300
20240221,11:02:25,534.0,50,72300
20240221,11:02:35,531.45,50,72300
20240221,11:02:42,534.3,50,72300
20240221,11:05:09,536.35,50,72600
20240221,11:11:39,535.35,50,72650
20240221,11:13:20,533.0,50,72650
20240221,11:13:38,531.85,50,72750
20240221,11:17:47,538.85,50,72800
20240221,11:19:22,538.85,50,72800
20240221,11:20:29,538.5,50,72850
20240221,11:24:14,544.0,50,72800
20240221,11:25:12,548.25,50,72800
20240221,11:25:37,546.15,50,72750
20240221,11:26:10,547.0,50,72750
20240221,11:26:19,549.5,50,72750
20240221,11:26:30,546.2,50,72750
20240221,11:29:29,545.0,250,72700
20240221,11:29:32,545.0,250,72700
20240221,11:29:44,540.4,50,72700
20240221,11:29:46,543.5,50,72700
20240221,11:32:48,542.0,50,72750
20240221,11:34:15,540.0,50,72750
20240221,11:35:38,538.45,50,72700
20240221,11:37:54,533.1,50,72700
20240221,11:39:02,532.0,50,72700
20240221,11:40:08,531.5,50,72700
20240221,11:43:33,525.0,50,72650
20240221,11:46:13,528.0,200,72650
20240221,11:49:29,529.1,50,72650
20240221,11:50:18,530.0,50,72650
20240221,11:51:04,529.15,50,72650
20240221,11:51:10,529.55,50,72650
20240221,11:53:08,527.6,50,72600
20240221,11:53:28,529.8,50,72600
20240221,11:53:47,530.65,50,72600
20240221,11:55:01,525.2,50,72600
20240221,11:55:42,523.5,200,72450
20240221,11:55:47,524.5,50,72450
20240221,11:56:10,528.45,50,72450
20240221,11:56:34,527.0,50,72450
20240221,11:56:37,526.35,50,72450
20240221,11:56:50,527.85,50,72450
20240221,11:56:59,526.95,50,72450
20240221,11:57:03,525.5,50,72450
20240221,11:57:05,525.3,50,72450
20240221,11:58:38,527.0,50,72050
20240221,11:59:44,526.45,50,72050
20240221,12:02:06,527.5,50,71950
20240221,12:05:31,530.0,50,72000
20240221,12:05:38,531.0,50,72000
20240221,12:07:59,531.0,100,72050
20240221,12:10:19,530.3,50,72050
20240221,12:10:37,531.0,50,72100
20240221,12:11:09,528.05,100,72100
20240221,12:11:51,528.05,100,72100
20240221,12:12:50,528.1,50,72100
20240221,12:13:40,528.05,250,71950
20240221,12:15:32,525.0,50,71950
20240221,12:15:45,524.55,150,71950
20240221,12:15:58,524.0,450,71950
20240221,12:16:10,523.5,100,71950
20240221,12:16:17,523.45,200,71950
20240221,12:16:23,523.0,500,71950
20240221,12:16:54,521.0,900,71950
20240221,12:21:25,522.0,50,71950
20240221,12:22:13,523.0,50,71950
20240221,12:22:31,521.0,100,71950
20240221,12:22:44,520.0,50,71950
20240221,12:28:08,523.0,50,71950
20240221,12:29:38,527.15,50,71950
20240221,12:31:33,521.55,50,71950
20240221,12:32:17,523.0,250,71900
20240221,12:35:01,520.0,200,72000
20240221,12:35:16,519.0,50,72000
20240221,12:36:15,519.95,50,72000
20240221,12:37:06,517.05,100,72000
20240221,12:37:12,517.05,50,72000
20240221,12:37:56,517.3,300,71700
20240221,12:38:03,517.35,100,71700
20240221,12:38:35,518.15,200,71700
20240221,12:38:47,521.2,50,71700
20240221,12:39:56,521.15,100,71700
20240221,12:40:08,517.7,600,71700
20240221,12:40:32,517.65,400,71700
20240221,12:43:57,523.15,100,72650
20240221,12:45:15,523.95,50,72650
20240221,12:49:15,518.0,200,72650
20240221,12:49:22,518.0,100,72650
20240221,12:49:50,517.0,50,72600
20240221,12:52:31,518.0,200,72600
20240221,12:52:37,518.0,300,72600
20240221,12:53:10,515.5,50,72900
20240221,12:53:30,515.0,50,72900
20240221,12:53:50,515.0,150,72900
20240221,12:54:02,515.5,650,72900
20240221,12:54:36,513.0,50,72900
20240221,12:54:44,511.0,50,72900
20240221,12:56:10,511.0,50,72900
20240221,12:56:26,513.0,700,72850
20240221,13:01:00,516.7,50,73000
20240221,13:07:06,518.0,50,73050
20240221,13:25:35,523.0,100,73100
20240221,13:25:54,526.45,1050,73200
20240221,13:27:00,526.45,50,73200
20240221,13:28:24,525.3,150,73200
20240221,13:32:56,525.6,50,73700
20240221,13:34:42,523.35,50,73700
20240221,13:35:35,521.0,100,73750
20240221,13:35:49,520.0,100,73750
20240221,13:36:26,520.0,50,73750
20240221,13:45:17,520.25,50,73750
20240221,13:46:30,524.0,100,73750
20240221,13:47:29,524.8,150,73850
20240221,13:47:58,527.0,1000,73850
20240221,13:48:22,533.75,100,73850
20240221,13:48:37,534.5,50,73850
20240221,13:49:22,534.5,100,73850
20240221,13:50:17,540.0,550,74000
20240221,13:50:54,533.5,100,74000
20240221,13:51:16,534.8,100,74000
20240221,13:53:36,530.45,100,74200
20240221,13:54:25,536.4,50,74200
20240221,13:54:32,541.15,200,74200
20240221,13:55:08,544.95,100,74200
20240221,13:55:17,545.0,150,74200
20240221,13:55:34,547.0,100,74200
20240221,13:56:07,543.85,50,74350
20240221,13:57:05,537.45,800,74350
20240221,13:58:30,540.95,100,74350
20240221,13:58:37,541.0,50,74350
20240221,14:00:08,542.0,50,74200
20240221,14:01:15,548.0,100,74200
20240221,14:01:42,549.0,50,74200
20240221,14:01:52,549.95,100,74200
20240221,14:02:00,552.0,300,74200
20240221,14:02:10,553.0,50,74200
20240221,14:02:20,554.0,50,74200
20240221,14:02:36,557.0,300,74200
20240221,14:02:37,558.0,50,74200
20240221,14:02:38,559.0,100,74200
20240221,14:02:51,560.0,50,74200
20240221,14:02:52,561.0,50,74200
20240221,14:03:59,561.0,50,74200
20240221,14:04:06,552.9,100,74200
20240221,14:05:29,550.0,350,74350
20240221,14:06:55,548.0,50,74350
20240221,14:08:30,556.2,350,74400
20240221,14:08:52,557.3,100,74400
20240221,14:09:06,556.2,50,74400
20240221,14:09:13,556.0,50,74400
20240221,14:09:20,556.95,50,74400
20240221,14:09:28,557.85,150,74400
20240221,14:09:43,557.85,50,74400
20240221,14:10:28,549.85,50,74400
20240221,14:12:03,560.0,100,73800
20240221,14:12:10,562.0,50,73800
20240221,14:12:18,562.15,50,73800
20240221,14:12:39,563.95,100,73800
20240221,14:12:54,565.0,200,73800
20240221,14:13:03,566.5,150,73800
20240221,14:16:08,568.0,100,73750
20240221,14:16:51,568.0,500,73750
20240221,14:16:58,562.05,50,74100
20240221,14:17:04,558.4,50,74100
20240221,14:17:33,558.0,50,74100
20240221,14:17:41,558.0,200,74100
20240221,14:18:47,558.0,50,74100
20240221,14:20:18,555.0,50,74050
20240221,14:21:06,559.2,50,74050
20240221,14:22:02,560.15,50,74050
20240221,14:23:20,568.0,50,73950
20240221,14:23:49,580.0,600,73950
20240221,14:23:59,582.75,150,73950
20240221,14:24:10,589.55,850,73950
20240221,14:24:20,589.55,100,73950
20240221,14:24:46,587.15,150,73950
20240221,14:24:54,586.65,350,73950
20240221,14:25:10,588.45,200,73950
20240221,14:25:18,584.4,100,73950
20240221,14:25:36,594.65,50,73950
20240221,14:25:57,594.7,50,73150
20240221,14:26:06,594.7,50,73150
20240221,14:27:42,589.95,50,73150
20240221,14:27:57,588.5,200,73150
20240221,14:28:04,589.45,100,73150
20240221,14:28:13,585.0,100,73150
20240221,14:28:24,586.0,50,73150
20240221,14:28:31,585.25,150,73150
20240221,14:28:45,582.0,200,73150
20240221,14:29:07,581.75,100,72600
20240221,14:29:15,580.55,50,72600
20240221,14:29:22,581.75,200,72600
20240221,14:29:58,580.0,50,72600
20240221,14:30:05,581.75,350,72600
20240221,14:30:12,584.95,250,72600
20240221,14:30:20,586.0,50,72600
20240221,14:30:35,590.0,50,72600
20240221,14:30:37,590.9,50,72600
20240221,14:30:43,593.25,50,72600
20240221,14:30:44,590.0,100,72600
20240221,14:30:54,594.35,100,72600
20240221,14:30:59,594.3,50,72600
20240221,14:31:00,594.05,50,72600
20240221,14:31:01,595.35,200,72600
20240221,14:31:03,595.85,50,72600
20240221,14:31:07,595.85,100,72600
20240221,14:31:08,593.05,50,72600
20240221,14:31:09,592.5,50,72600
20240221,14:31:14,593.15,100,72600
20240221,14:31:16,592.65,150,72600
20240221,14:31:17,591.55,150,72600
20240221,14:31:19,590.5,100,72600
20240221,14:31:20,590.2,50,72600
20240221,14:31:23,589.7,100,72600
20240221,14:31:28,590.65,50,72600
20240221,14:31:29,588.65,150,72600
20240221,14:31:30,589.2,50,72600
20240221,14:31:32,587.65,50,72600
20240221,14:31:34,585.45,550,72600
20240221,14:31:44,584.4,450,72600
20240221,14:31:53,582.9,50,72600
20240221,14:32:14,583.2,550,71850
20240221,14:32:21,585.45,300,71850
20240221,14:32:35,585.0,200,71850
20240221,14:32:48,585.0,50,71850
20240221,14:33:41,584.95,50,71850
20240221,14:34:26,585.2,50,71850
20240221,14:35:43,594.25,300,71850
20240221,14:35:52,591.5,100,71850
20240221,14:35:59,595.0,50,71850
20240221,14:36:14,593.0,50,71850
20240221,14:36:21,595.25,250,71850
20240221,14:36:36,591.9,250,71850
20240221,14:37:18,595.1,250,71850
20240221,14:37:25,593.45,50,71850
20240221,14:37:32,593.5,250,71850
20240221,14:37:39,592.4,50,71850
20240221,14:37:46,591.4,300,71850
20240221,14:38:01,592.0,300,71750
20240221,14:38:07,591.35,250,71750
20240221,14:38:14,590.8,50,71750
20240221,14:38:21,588.8,250,71750
20240221,14:38:35,591.1,150,71750
20240221,14:38:42,585.2,500,71750
20240221,14:38:50,590.7,250,71750
20240221,14:38:57,589.9,50,71750
20240221,14:39:04,589.95,50,71750
20240221,14:39:10,594.2,50,71750
20240221,14:39:19,599.5,250,71750
20240221,14:39:29,600.0,650,71750
20240221,14:39:40,605.0,50,71750
20240221,14:39:49,605.0,50,71750
20240221,14:39:58,606.1,100,71750
20240221,14:40:18,612.95,50,71750
20240221,14:40:27,613.0,50,71750
20240221,14:40:37,617.35,1500,71750
20240221,14:40:42,617.35,50,71750
20240221,14:41:04,617.35,50,72750
20240221,14:41:18,613.6,50,72750
20240221,14:41:27,612.65,50,72750
20240221,14:41:33,610.5,50,72750
20240221,14:41:43,601.7,100,72750
20240221,14:41:51,597.5,550,72750
20240221,14:41:59,603.7,50,72750
20240221,14:42:07,605.1,50,72750
20240221,14:42:15,619.85,200,72750
20240221,14:42:23,611.4,350,72750
20240221,14:42:31,613.2,100,72750
20240221,14:42:38,613.75,50,72750
20240221,14:42:46,615.5,200,72750
20240221,14:42:54,616.4,50,72750
20240221,14:43:01,614.25,50,72750
20240221,14:43:09,616.25,50,72750
20240221,14:43:37,613.1,50,72750
20240221,14:43:41,611.5,100,72750
20240221,14:43:42,611.5,100,72750
20240221,14:43:46,611.95,50,72750
20240221,14:44:01,608.0,100,73200
20240221,14:44:02,611.1,50,73200
20240221,14:44:17,612.35,50,73200
20240221,14:44:21,610.85,200,73200
20240221,14:44:23,612.45,50,73200
20240221,14:44:26,612.45,50,73200
20240221,14:44:33,609.95,50,73200
20240221,14:44:34,610.25,50,73200
20240221,14:44:39,607.7,50,73200
20240221,14:44:44,605.4,50,73200
20240221,14:45:20,610.0,50,73200
20240221,14:45:21,610.0,50,73200
20240221,14:45:23,612.45,150,73200
20240221,14:45:27,621.95,50,73200
20240221,14:45:28,621.95,50,73200
20240221,14:45:43,611.55,100,73200
20240221,14:45:58,617.55,50,73200
20240221,14:46:00,617.45,50,73200
20240221,14:46:05,615.0,1000,73200
20240221,14:46:12,616.9,50,73200
20240221,14:46:13,616.9,100,73200
20240221,14:46:21,619.65,1500,73200
20240221,14:46:26,621.0,100,73200
20240221,14:46:34,615.05,150,73200
20240221,14:46:49,615.9,1700,73200
20240221,14:47:04,620.1,50,72700
20240221,14:47:11,620.15,150,72700
20240221,14:48:02,614.9,50,72700
20240221,14:48:17,609.0,50,72700
20240221,14:48:37,609.0,50,72700
20240221,14:49:44,609.05,50,72700
20240221,14:50:42,607.3,50,72700
20240221,14:51:05,603.85,50,72700
20240221,14:52:12,605.0,50,72700
20240221,14:52:44,603.0,50,72700
20240221,14:54:09,614.95,50,72750
20240221,14:55:42,615.0,50,72750
20240221,14:56:05,621.95,50,72750
20240221,14:56:12,622.0,50,72750
20240221,14:58:01,623.85,100,72750
20240221,14:58:09,623.85,50,72750
20240221,14:58:39,623.85,50,72750
20240221,14:58:47,620.0,200,72750
20240221,14:59:02,611.9,50,72750
20240221,15:00:18,611.15,300,72550
20240221,15:00:50,611.15,50,72550
20240221,15:02:14,615.0,100,72300
20240221,15:03:10,616.0,100,72300
20240221,15:06:20,601.3,50,72300
20240221,15:06:28,600.05,100,72300
20240221,15:06:47,596.0,100,72300
20240221,15:07:20,596.0,50,72300
20240221,15:07:36,597.05,300,72300
20240221,15:07:37,597.05,500,72300
20240221,15:07:41,601.1,50,72300
20240221,15:08:03,595.4,50,72300
20240221,15:08:06,595.0,50,72550
20240221,15:08:06,595.15,50,72550
20240221,15:08:21,592.1,50,72550
20240221,15:08:22,592.5,50,72550
20240221,15:08:36,592.0,50,72550
20240221,15:08:43,592.0,50,72550
20240221,15:08:50,592.1,100,72550
20240221,15:09:16,592.0,350,72550
20240221,15:10:41,585.0,50,72550
20240221,15:10:50,591.7,50,72550
20240221,15:10:59,595.1,200,72550
20240221,15:11:08,592.0,250,72800
20240221,15:11:37,593.2,100,72800
20240221,15:11:45,594.0,100,72800
20240221,15:11:52,594.25,50,72800
20240221,15:12:00,594.0,100,72800
20240221,15:12:08,597.7,50,72800
20240221,15:13:06,592.3,150,72800
20240221,15:13:14,590.0,700,72800
20240221,15:13:22,590.0,250,72800
20240221,15:13:37,590.0,1500,72800
20240221,15:13:45,590.0,1750,72800
20240221,15:14:43,588.5,100,72750
20240221,15:14:59,583.05,50,72750
20240221,15:15:06,583.25,50,72750
20240221,15:15:52,585.0,50,72750
20240221,15:17:37,600.2,50,72650
20240221,15:18:21,604.75,50,72650
20240221,15:19:54,602.0,50,72650
20240221,15:21:00,597.2,50,72550
20240221,15:21:27,597.8,150,72550
20240221,15:21:32,600.0,50,72550
20240221,15:22:21,600.0,100,72550
20240221,15:23:28,601.05,50,72600
20240221,15:24:17,610.0,100,72600
20240221,15:24:35,611.85,50,72600
20240221,15:24:56,611.9,100,72600
20240221,15:24:57,616.7,50,72600
20240221,15:25:17,613.4,50,72600
20240221,15:25:38,613.8,50,72600
20240221,15:25:39,617.95,150,72600
20240221,15:25:40,617.95,100,72600
20240221,15:25:42,613.9,50,72600
20240221,15:25:44,613.8,100,72600
20240221,15:25:44,614.2,50,72600
20240221,15:25:46,614.2,50,72600
20240221,15:25:52,618.0,50,72600
20240221,15:26:10,620.0,50,72100
20240221,15:26:21,620.0,50,72100
20240221,15:26:46,620.0,50,72100
20240221,15:26:55,615.9,100,72100
20240221,15:27:28,620.15,50,72100
20240221,15:27:37,620.8,50,72100
20240221,15:27:45,621.7,50,72100
20240221,15:27:54,625.8,100,72100
20240221,15:28:02,626.95,500,72100
20240221,15:28:34,626.95,100,72100
20240221,15:28:40,624.0,350,72100
20240221,15:28:41,624.0,150,72100
20240221,15:28:42,626.0,50,72100
20240221,15:28:50,599.8,50,72100
20240221,15:29:08,620.6,50,71750
20240221,15:29:14,620.65,100,71750
20240221,15:29:15,620.35,50,71750
20240221,15:29:16,619.7,100,71750
20240221,15:29:24,622.0,50,71750
20240221,15:29:30,618.9,100,71750
20240221,15:30:01,618.9,50,71750
20240222,09:15:42,595.0,1,71650
20240222,09:15:42,600.0,200,71650
20240222,09:16:06,592.0,150,71650
20240222,09:16:15,583.15,150,71650
20240222,09:17:23,583.15,50,71650
20240222,09:18:16,589.0,50,71650
20240222,09:19:08,590.0,50,71600
20240222,09:19:24,594.95,200,71600
20240222,09:20:24,594.0,100,71600
20240222,09:21:17,594.0,50,71600
20240222,09:21:32,588.0,100,71600
20240222,09:21:40,594.0,50,71600
20240222,09:22:40,590.0,50,71350
20240222,09:23:09,590.0,150,71350
20240222,09:23:46,585.05,50,71350
20240222,09:24:16,590.0,50,71350
20240222,09:25:08,594.95,100,71450
20240222,09:26:07,590.0,50,71450
20240222,09:26:16,595.0,50,71450
20240222,09:28:52,600.0,50,71600
20240222,09:29:13,605.0,50,71600
20240222,09:30:24,605.05,50,71600
20240222,09:30:54,610.0,100,71700
20240222,09:31:05,615.0,650,71700
20240222,09:31:16,616.0,300,71700
20240222,09:32:06,616.0,250,71700
20240222,09:32:42,609.05,100,71700
20240222,09:33:19,609.05,150,71700
20240222,09:33:54,610.0,50,71700
20240222,09:34:21,610.0,50,71500
20240222,09:34:28,617.45,350,71500
20240222,09:34:39,620.0,100,71500
20240222,09:34:49,620.0,450,71500
20240222,09:34:59,620.0,50,71500
20240222,09:36:12,614.0,950,71500
20240222,09:37:55,610.0,150,71600
20240222,09:38:02,610.0,50,71600
20240222,09:38:05,610.0,350,71600
20240222,09:38:09,610.0,250,71600
20240222,09:38:11,610.0,150,71600
20240222,09:38:13,610.0,100,71600
20240222,09:38:30,607.75,100,71600
20240222,09:38:53,608.0,200,71600
20240222,09:39:28,612.65,100,71600
20240222,09:40:41,613.0,50,71900
20240222,09:40:50,611.0,50,71900
20240222,09:41:28,607.75,700,71900
20240222,09:41:38,600.05,50,71900
20240222,09:42:03,600.0,200,71900
20240222,09:42:04,600.0,300,71900
20240222,09:42:05,600.05,50,71900
20240222,09:42:06,600.05,500,71900
20240222,09:42:09,590.0,200,71900
20240222,09:42:12,585.65,50,71900
20240222,09:42:15,580.05,50,71900
20240222,09:42:21,580.05,500,71900
20240222,09:42:38,594.0,50,71900
20240222,09:42:55,600.8,50,71800
20240222,09:42:57,600.05,50,71800
20240222,09:42:59,600.0,50,71800
20240222,09:43:02,596.0,500,71800
20240222,09:43:25,594.95,200,71800
20240222,09:43:29,590.0,50,71800
20240222,09:43:40,590.0,300,71800
20240222,09:44:03,584.4,50,71800
20240222,09:44:04,584.4,50,71800
20240222,09:45:25,590.0,50,71800
20240222,09:45:47,585.65,50,71800
20240222,09:46:10,584.4,400,72000
20240222,09:46:42,583.15,50,72000
20240222,09:47:07,580.0,50,72000
20240222,09:47:14,578.0,50,72000
20240222,09:47:36,578.0,50,72000
20240222,09:50:31,586.75,200,72350
20240222,09:50:54,586.75,100,72350
20240222,09:53:29,605.05,100,72500
20240222,09:53:40,600.0,150,72500
20240222,09:54:14,594.55,50,72500
20240222,09:54:46,598.8,50,72500
20240222,09:55:41,610.0,50,72550
20240222,09:55:46,608.9,50,72550
20240222,09:56:11,605.0,250,72550
20240222,09:56:34,600.0,50,72550
20240222,09:57:21,604.95,100,72550
20240222,09:57:53,605.0,50,72550
20240222,09:58:59,619.95,50,72350
20240222,09:59:00,620.0,150,72350
20240222,09:59:02,621.0,50,72350
20240222,09:59:06,626.3,250,72350
20240222,09:59:10,625.0,50,72350
20240222,09:59:15,621.8,50,72350
20240222,09:59:49,629.0,400,72350
20240222,09:59:58,633.0,100,72350
20240222,10:00:07,639.9,50,72350
20240222,10:00:08,640.0,150,72350
20240222,10:00:13,640.0,250,72350
20240222,10:00:41,628.65,200,72350
20240222,10:00:42,621.75,50,72350
20240222,10:01:02,635.0,200,71600
20240222,10:01:36,643.95,500,71600
20240222,10:02:23,643.95,300,71600
20240222,10:03:02,637.45,500,71600
20240222,10:03:19,627.2,150,71600
20240222,10:04:34,631.0,50,71600
20240222,10:04:48,631.0,50,71600
20240222,10:06:01,642.75,50,71600
20240222,10:06:18,645.0,100,71600
20240222,10:07:01,640.0,50,71550
20240222,10:07:04,639.0,1300,71550
20240222,10:07:36,648.5,50,71550
20240222,10:08:31,648.5,50,71550
20240222,10:09:38,635.3,100,71550
20240222,10:09:48,634.75,50,71550
20240222,10:10:13,634.45,50,71400
20240222,10:10:15,634.15,50,71400
20240222,10:10:17,635.25,50,71400
