date,time,tick_price,volume,open_interest
20240111,09:57:29,2.35,50,1950
20240111,09:58:09,1.65,50,1950
20240111,09:58:45,1.65,1450,1950
20240111,09:58:53,1.8,500,1950
20240111,10:03:45,1.75,150,1950
20240111,10:14:04,2.05,50,2100
20240111,10:21:02,1.9,150,2100
20240111,10:21:10,1.95,300,2100
20240111,10:26:14,1.9,100,2100
20240111,10:29:37,1.9,50,2100
20240111,13:34:06,1.35,1000,2100
20240111,13:42:09,1.95,5000,3000
20240111,13:45:12,1.65,200,8000
20240111,13:45:16,1.65,200,8000
20240111,13:49:58,1.65,100,7600
20240111,14:02:41,1.55,150,7500
20240111,14:04:22,1.75,50,7500
20240111,14:14:06,1.5,350,7500
20240111,14:41:09,1.85,50,7500
20240111,14:43:38,1.45,50,7500
20240111,14:57:33,1.75,50,7500
20240111,15:03:15,1.65,150,7500
20240111,15:03:28,1.65,150,7350
20240111,15:10:19,1.8,250,7200
20240111,15:10:44,1.55,100,7200
20240111,15:13:07,1.4,500,7300
20240111,15:15:04,1.5,1900,7300
20240111,15:15:31,1.5,1250,7850
20240111,15:18:14,1.4,2000,7850
20240111,15:28:09,1.35,50,8650
20240111,15:29:09,1.4,250,8650
20240111,15:29:38,1.4,250,8650
20240111,15:30:01,1.4,250,8650
20240112,09:15:02,1.5,1,8650
20240112,09:15:02,1.5,50,8650
20240112,09:15:03,1.5,350,8650
20240112,09:15:04,1.5,50,8650
20240112,09:15:05,1.5,550,8650
20240112,09:15:06,1.5,2700,8650
20240112,09:15:07,1.5,500,8650
20240112,09:15:08,1.5,7200,8650
20240112,09:15:09,1.5,1700,8650
20240112,09:15:11,1.5,50,8650
20240112,09:15:37,1.4,100,8650
20240112,09:15:37,1.4,300,8650
20240112,09:15:40,1.3,500,8650
20240112,09:15:40,1.3,250,8650
20240112,09:15:54,1.3,100,8650
20240112,09:16:03,1.3,600,8650
20240112,09:16:04,1.35,100,8650
20240112,09:16:34,1.3,1000,8650
20240112,09:16:51,1.35,50,8650
20240112,09:16:52,1.3,200,8650
20240112,09:17:16,1.35,100,8650
20240112,09:17:50,1.3,750,22450
20240112,09:18:28,1.3,400,22450
20240112,09:19:54,1.35,50,22450
20240112,09:20:04,1.25,250,22450
20240112,09:20:48,1.25,700,21950
20240112,09:21:11,1.4,3900,21950
20240112,09:21:12,1.4,2000,21950
20240112,09:21:33,1.35,200,21950
20240112,09:22:02,1.4,450,21950
20240112,09:22:05,1.4,100,21950
20240112,09:22:06,1.45,50,21950
20240112,09:22:07,1.4,150,21950
20240112,09:22:08,1.45,50,21950
20240112,09:22:09,1.45,50,21950
20240112,09:22:10,1.4,100,21950
20240112,09:22:11,1.4,200,21950
20240112,09:22:12,1.45,50,21950
20240112,09:22:13,1.45,50,21950
20240112,09:22:14,1.45,200,21950
20240112,09:22:15,1.45,200,21950
20240112,09:22:16,1.45,200,21950
20240112,09:22:19,1.4,100,21950
20240112,09:22:20,1.45,50,21950
20240112,09:22:21,1.45,50,21950
20240112,09:22:23,1.45,50,21950
20240112,09:22:24,1.45,50,21950
20240112,09:22:25,1.45,50,21950
20240112,09:22:26,1.45,50,21950
20240112,09:22:27,1.45,50,21950
20240112,09:22:28,1.45,50,21950
20240112,09:22:29,1.4,200,21950
20240112,09:22:30,1.4,50,21950
20240112,09:22:31,1.4,50,21950
20240112,09:22:32,1.4,50,21950
20240112,09:22:33,1.4,50,21950
20240112,09:22:35,1.4,100,21950
20240112,09:22:36,1.4,50,21950
20240112,09:22:37,1.4,200,21950
20240112,09:22:39,1.4,400,21950
20240112,09:22:40,1.4,200,21950
20240112,09:22:41,1.4,200,21950
20240112,09:22:42,1.4,50,21950
20240112,09:22:43,1.4,50,21950
20240112,09:22:44,1.4,50,21950
20240112,09:22:45,1.4,50,21950
20240112,09:22:46,1.4,50,21950
20240112,09:22:47,1.4,50,21950
20240112,09:22:48,1.4,50,21950
20240112,09:22:49,1.4,50,21950
20240112,09:22:50,1.4,50,21950
20240112,09:22:51,1.4,50,21950
20240112,09:22:52,1.4,50,21950
20240112,09:22:53,1.4,50,21950
20240112,09:22:54,1.4,50,21950
20240112,09:22:55,1.4,50,21950
20240112,09:22:56,1.4,50,21950
20240112,09:22:57,1.4,50,21950
20240112,09:22:58,1.4,50,21950
20240112,09:22:59,1.4,50,21950
20240112,09:23:00,1.4,50,21950
20240112,09:23:01,1.4,50,21950
20240112,09:23:02,1.4,200,21950
20240112,09:23:03,1.4,200,21950
20240112,09:23:04,1.4,200,21950
20240112,09:23:05,1.4,200,21950
20240112,09:23:08,1.4,50,21950
20240112,09:23:09,1.4,50,21950
20240112,09:23:10,1.4,50,21950
20240112,09:23:11,1.4,50,21950
20240112,09:23:12,1.4,50,21950
20240112,09:23:13,1.4,50,21950
20240112,09:23:14,1.4,50,21950
20240112,09:23:15,1.4,50,21950
20240112,09:23:16,1.4,50,21950
20240112,09:23:17,1.4,50,21950
20240112,09:23:18,1.4,50,21950
20240112,09:23:19,1.4,200,33300
20240112,09:23:20,1.4,200,33300
20240112,09:23:21,1.4,200,33300
20240112,09:23:27,1.4,1800,33300
20240112,09:23:30,1.4,50,33300
20240112,09:23:31,1.4,50,33300
20240112,09:23:32,1.4,50,33300
20240112,09:23:34,1.4,100,33300
20240112,09:23:36,1.4,100,33300
20240112,09:23:36,1.4,3550,33300
20240112,09:23:38,1.45,1800,33300
20240112,09:23:39,1.5,50,33300
20240112,09:23:44,1.5,50,33300
20240112,09:23:45,1.45,250,33300
20240112,09:23:48,1.5,50,33300
20240112,09:23:49,1.45,100,33300
20240112,09:23:59,1.45,250,33300
20240112,09:24:13,1.5,1900,33300
20240112,09:24:16,1.5,100,33300
20240112,09:24:43,1.5,50,33300
20240112,09:24:44,1.5,50,33300
20240112,09:24:45,1.5,50,33300
20240112,09:24:46,1.5,50,33300
20240112,09:24:47,1.5,50,33300
20240112,09:24:48,1.5,50,33300
20240112,09:24:49,1.5,50,33300
20240112,09:24:50,1.5,50,33300
20240112,09:24:51,1.5,200,33300
20240112,09:24:52,1.5,200,33300
20240112,09:24:53,1.5,200,33300
20240112,09:24:55,1.5,50,33300
20240112,09:24:56,1.5,50,33300
20240112,09:24:57,1.5,50,33300
20240112,09:24:58,1.5,50,33300
20240112,09:24:59,1.5,50,33300
20240112,09:25:00,1.5,650,33300
20240112,09:25:01,1.5,250,33300
20240112,09:25:02,1.5,200,33300
20240112,09:25:03,1.5,200,33300
20240112,09:25:04,1.5,2000,33300
20240112,09:25:05,1.5,200,33300
20240112,09:25:06,1.5,200,33300
20240112,09:25:08,1.5,50,33300
20240112,09:25:09,1.5,50,33300
20240112,09:25:10,1.5,50,33300
20240112,09:25:11,1.5,50,33300
20240112,09:25:12,1.5,50,33300
20240112,09:25:13,1.5,50,33300
20240112,09:25:14,1.5,50,33300
20240112,09:25:15,1.5,200,33300
20240112,09:25:16,1.5,200,33300
20240112,09:25:17,1.5,200,33300
20240112,09:25:18,1.5,50,33300
20240112,09:25:19,1.5,50,33300
20240112,09:25:20,1.5,50,33300
20240112,09:25:21,1.5,50,33300
20240112,09:25:22,1.5,50,33300
20240112,09:25:23,1.5,500,33300
20240112,09:25:24,1.55,8050,33300
20240112,09:25:25,1.6,1800,33300
20240112,09:25:26,1.6,200,33300
20240112,09:25:28,1.6,100,33300
20240112,09:25:31,1.55,250,33300
20240112,09:25:36,1.5,200,33300
20240112,09:25:40,1.55,150,33300
20240112,09:25:41,1.6,1800,33300
20240112,09:25:51,1.55,50,33300
20240112,09:25:52,1.55,50,33300
20240112,09:25:53,1.55,50,33300
20240112,09:25:54,1.55,50,33300
20240112,09:25:55,1.55,50,33300
20240112,09:25:56,1.6,1900,33300
20240112,09:25:59,1.6,50,33300
20240112,09:26:02,1.6,50,33300
20240112,09:26:05,1.6,50,33300
20240112,09:26:13,1.6,50,33300
20240112,09:26:14,1.6,50,33300
20240112,09:26:26,1.6,50,33300
20240112,09:26:27,1.6,50,52850
20240112,09:26:29,1.6,50,52850
20240112,09:26:30,1.6,50,52850
20240112,09:26:31,1.6,100,52850
20240112,09:26:32,1.6,50,52850
20240112,09:26:33,1.6,50,52850
20240112,09:26:34,1.6,50,52850
20240112,09:26:35,1.6,50,52850
20240112,09:26:36,1.6,50,52850
20240112,09:26:37,1.6,50,52850
20240112,09:26:38,1.6,50,52850
20240112,09:26:39,1.6,50,52850
20240112,09:26:40,1.6,50,52850
20240112,09:26:41,1.6,50,52850
20240112,09:26:42,1.6,50,52850
20240112,09:26:43,1.6,50,52850
20240112,09:26:44,1.6,50,52850
20240112,09:26:45,1.6,50,52850
20240112,09:26:46,1.6,50,52850
20240112,09:26:47,1.6,50,52850
20240112,09:26:48,1.6,50,52850
20240112,09:26:49,1.6,50,52850
20240112,09:26:50,1.6,50,52850
20240112,09:26:51,1.6,50,52850
20240112,09:26:52,1.6,350,52850
20240112,09:26:53,1.6,50,52850
20240112,09:26:54,1.55,1850,52850
20240112,09:26:57,1.6,50,52850
20240112,09:26:58,1.6,50,52850
20240112,09:27:19,1.55,50,52850
20240112,09:27:29,1.6,50,52850
20240112,09:27:47,1.55,150,52850
20240112,09:27:48,1.6,50,52850
20240112,09:28:09,1.6,50,52850
20240112,09:28:10,1.6,50,52850
20240112,09:28:11,1.6,50,52850
20240112,09:28:12,1.6,50,52850
20240112,09:28:13,1.6,50,52850
20240112,09:28:14,1.6,100,52850
20240112,09:28:15,1.6,50,52850
20240112,09:28:16,1.6,50,52850
20240112,09:28:17,1.6,50,52850
20240112,09:28:18,1.6,50,52850
20240112,09:28:19,1.6,50,52850
20240112,09:28:20,1.6,50,52850
20240112,09:28:21,1.6,50,52850
20240112,09:28:22,1.6,50,52850
20240112,09:28:23,1.6,50,52850
20240112,09:28:24,1.6,50,52850
20240112,09:28:27,1.6,50,52850
20240112,09:28:32,1.6,100,52850
20240112,09:28:41,1.6,50,52850
20240112,09:28:47,1.6,50,52850
20240112,09:28:50,1.6,50,52850
20240112,09:28:53,1.6,50,52850
20240112,09:29:04,1.55,400,52850
20240112,09:29:09,1.6,50,52850
20240112,09:29:10,1.6,50,52850
20240112,09:29:11,1.6,50,52850
20240112,09:29:12,1.6,50,52850
20240112,09:29:13,1.6,50,52850
20240112,09:29:14,1.6,50,52850
20240112,09:29:15,1.6,50,52850
20240112,09:29:16,1.6,50,52850
20240112,09:29:17,1.6,50,52850
20240112,09:29:18,1.6,50,52850
20240112,09:29:19,1.6,50,52850
20240112,09:29:20,1.6,50,52850
20240112,09:29:46,1.6,1800,52850
20240112,09:29:55,1.55,50,52850
20240112,09:30:37,1.55,50,52850
20240112,09:31:30,1.6,50,52850
20240112,09:31:51,1.6,1800,52850
20240112,09:31:56,1.55,300,52850
20240112,09:31:59,1.6,5000,52850
20240112,09:32:03,1.55,500,52850
20240112,09:32:05,1.55,500,52850
20240112,09:32:06,1.55,250,52850
20240112,09:32:49,1.55,250,54850
20240112,09:32:56,1.55,50,54850
20240112,09:32:57,1.55,50,54850
20240112,09:32:58,1.55,50,54850
20240112,09:32:59,1.55,50,54850
20240112,09:33:01,1.55,250,54850
20240112,09:33:03,1.55,250,54850
20240112,09:33:04,1.55,150,54850
20240112,09:33:06,1.55,100,54850
20240112,09:33:09,1.55,50,54850
20240112,09:33:15,1.55,50,54850
20240112,09:33:16,1.55,50,54850
20240112,09:34:21,1.5,50,54850
20240112,09:34:22,1.5,50,54850
20240112,09:34:23,1.5,50,54850
20240112,09:34:38,1.55,550,54850
20240112,09:35:39,1.5,800,55800
20240112,09:35:51,1.5,2000,55800
20240112,09:37:03,1.5,50,55800
20240112,09:37:04,1.5,50,55800
20240112,09:37:05,1.5,50,55800
20240112,09:37:18,1.45,400,55800
20240112,09:37:25,1.45,800,55800
20240112,09:38:13,1.45,50,55800
20240112,09:38:24,1.45,850,56500
20240112,09:38:29,1.45,50,56500
20240112,09:38:31,1.5,50,56500
20240112,09:38:32,1.5,50,56500
20240112,09:38:33,1.45,100,56500
20240112,09:38:34,1.5,50,56500
20240112,09:38:35,1.5,50,56500
20240112,09:38:36,1.5,50,56500
20240112,09:38:37,1.5,50,56500
20240112,09:38:38,1.5,50,56500
20240112,09:38:39,1.5,50,56500
20240112,09:38:58,1.45,50,56500
20240112,09:39:51,1.45,700,56500
20240112,09:40:09,1.45,600,56500
20240112,09:40:25,1.45,50,56500
20240112,09:40:28,1.45,300,56500
20240112,09:41:17,1.4,50,56500
20240112,09:41:49,1.4,300,56500
20240112,09:42:30,1.4,250,56900
20240112,09:42:52,1.4,50,56900
20240112,09:42:53,1.4,50,56900
20240112,09:42:54,1.4,50,56900
20240112,09:42:55,1.4,1050,56900
20240112,09:42:56,1.4,50,56900
20240112,09:42:57,1.4,50,56900
20240112,09:42:58,1.4,50,56900
20240112,09:42:59,1.4,50,56900
20240112,09:43:00,1.4,50,56900
20240112,09:43:01,1.4,550,56900
20240112,09:43:02,1.4,50,56900
20240112,09:43:03,1.4,50,56900
20240112,09:43:04,1.4,50,56900
20240112,09:43:07,1.4,2000,56900
20240112,09:43:33,1.4,250,56900
20240112,09:44:00,1.4,50,56900
20240112,09:44:02,1.4,300,56900
20240112,09:44:11,1.4,1800,56900
20240112,09:44:18,1.4,300,56900
20240112,09:44:24,1.4,50,58600
20240112,09:44:25,1.4,50,58600
20240112,09:44:26,1.4,50,58600
20240112,09:44:27,1.4,50,58600
20240112,09:44:29,1.4,250,58600
20240112,09:44:30,1.4,200,58600
20240112,09:44:31,1.4,200,58600
20240112,09:44:32,1.4,50,58600
20240112,09:44:33,1.4,50,58600
20240112,09:44:34,1.4,50,58600
20240112,09:44:36,1.4,100,58600
20240112,09:44:37,1.4,50,58600
20240112,09:44:38,1.4,50,58600
20240112,09:44:39,1.4,50,58600
20240112,09:44:40,1.4,50,58600
20240112,09:44:41,1.4,50,58600
20240112,09:44:42,1.4,50,58600
20240112,09:44:43,1.4,50,58600
20240112,09:44:44,1.4,50,58600
20240112,09:44:45,1.4,50,58600
20240112,09:44:46,1.4,50,58600
20240112,09:44:47,1.4,50,58600
20240112,09:45:07,1.4,50,58600
20240112,09:45:17,1.4,900,58600
20240112,09:45:38,1.35,50,58600
20240112,09:45:58,1.4,4150,58600
20240112,09:45:59,1.4,50,58600
20240112,09:46:40,1.4,300,58600
20240112,09:46:55,1.4,300,58600
20240112,09:47:25,1.45,50,56900
20240112,09:47:26,1.45,50,56900
20240112,09:47:27,1.45,50,56900
20240112,09:47:28,1.45,50,56900
20240112,09:47:29,1.45,50,56900
20240112,09:47:30,1.45,50,56900
20240112,09:47:31,1.45,50,56900
20240112,09:47:32,1.45,50,56900
20240112,09:47:33,1.45,50,56900
20240112,09:47:34,1.45,50,56900
20240112,09:47:35,1.45,50,56900
20240112,09:47:36,1.45,50,56900
20240112,09:47:41,1.45,50,56900
20240112,09:47:42,1.45,50,56900
20240112,09:47:43,1.45,50,56900
20240112,09:47:44,1.45,50,56900
20240112,09:47:45,1.45,50,56900
20240112,09:47:46,1.45,50,56900
20240112,09:47:47,1.45,50,56900
20240112,09:47:50,1.4,50,56900
20240112,09:47:55,1.45,50,56900
20240112,09:48:02,1.45,50,56900
20240112,09:48:04,1.45,50,56900
20240112,09:48:05,1.45,50,56900
20240112,09:48:06,1.45,50,56900
20240112,09:48:07,1.45,50,56900
20240112,09:48:08,1.45,50,56900
20240112,09:48:10,1.45,50,56900
20240112,09:48:11,1.45,50,56900
20240112,09:48:12,1.45,50,56900
20240112,09:48:13,1.45,50,56900
20240112,09:48:14,1.4,50,56900
20240112,09:48:18,1.45,50,56900
20240112,09:48:19,1.45,50,56900
20240112,09:48:22,1.45,50,56900
20240112,09:48:23,1.45,50,56900
20240112,09:48:24,1.45,50,56900
20240112,09:48:32,1.45,50,56900
20240112,09:48:34,1.45,50,56900
20240112,09:48:36,1.45,50,56900
20240112,09:48:38,1.45,50,56900
20240112,09:48:39,1.45,50,56900
20240112,09:48:40,1.45,50,56900
20240112,09:48:41,1.45,50,56900
20240112,09:48:42,1.45,50,56900
20240112,09:48:43,1.45,50,56900
20240112,09:48:44,1.45,50,56900
20240112,09:48:48,1.45,50,56900
20240112,09:49:10,1.45,50,56900
20240112,09:52:21,1.45,300,56900
20240112,09:52:25,1.45,50,57550
20240112,09:52:26,1.45,50,57550
20240112,09:52:27,1.45,50,57550
20240112,09:52:28,1.45,50,57550
20240112,09:52:29,1.45,50,57550
20240112,09:52:30,1.45,50,57550
20240112,09:52:31,1.45,50,57550
20240112,09:52:32,1.45,50,57550
20240112,09:52:33,1.45,50,57550
20240112,09:52:34,1.45,50,57550
20240112,09:52:35,1.45,50,57550
20240112,09:52:36,1.45,50,57550
20240112,09:52:37,1.45,50,57550
20240112,09:52:38,1.45,50,57550
20240112,09:52:39,1.45,50,57550
20240112,09:52:40,1.45,50,57550
20240112,09:52:41,1.45,50,57550
20240112,09:52:42,1.45,50,57550
20240112,09:52:43,1.45,50,57550
20240112,09:54:47,1.45,50,58800
20240112,09:54:50,1.45,50,58800
20240112,09:54:52,1.45,100,58800
20240112,09:54:53,1.45,50,58800
20240112,09:55:43,1.45,50,58800
20240112,09:55:44,1.45,50,58800
20240112,09:55:45,1.45,50,58800
20240112,09:55:46,1.45,50,58800
20240112,09:55:47,1.45,50,58800
20240112,09:55:48,1.45,50,58800
20240112,09:55:49,1.45,50,58800
20240112,09:55:50,1.45,50,58800
20240112,09:55:51,1.45,50,58800
20240112,09:55:52,1.45,50,58800
20240112,09:55:53,1.45,50,58800
20240112,09:55:54,1.45,50,58800
20240112,09:55:55,1.45,50,58800
20240112,09:55:56,1.45,50,58800
20240112,09:55:58,1.45,100,58800
20240112,09:55:59,1.45,50,58800
20240112,09:56:00,1.45,50,58800
20240112,09:56:01,1.45,50,58800
20240112,09:56:02,1.45,50,58800
20240112,09:56:03,1.45,50,58800
20240112,09:56:04,1.45,50,58800
20240112,09:56:05,1.45,50,58800
20240112,09:56:06,1.45,50,58800
20240112,09:56:07,1.45,50,58800
20240112,09:56:08,1.45,50,58800
20240112,09:56:09,1.45,50,58800
20240112,09:56:10,1.45,50,58800
20240112,09:56:11,1.45,50,58800
20240112,09:56:12,1.45,50,58800
20240112,09:56:13,1.45,50,58800
20240112,09:56:20,1.45,50,58800
20240112,09:56:25,1.5,50,58800
20240112,09:56:26,1.45,50,60550
20240112,09:56:31,1.5,50,60550
20240112,09:56:41,1.45,50,60550
20240112,09:57:14,1.5,50,60550
20240112,09:57:15,1.5,50,60550
20240112,09:57:30,1.5,250,60550
20240112,09:57:32,1.5,200,60550
20240112,09:58:18,1.55,1800,60550
20240112,09:58:19,1.55,1800,60550
20240112,09:59:18,1.55,200,60550
20240112,09:59:20,1.55,950,60550
20240112,09:59:37,1.55,50,62600
20240112,09:59:38,1.55,50,62600
20240112,09:59:43,1.55,50,62600
20240112,09:59:45,1.55,50,62600
20240112,09:59:46,1.55,2450,62600
20240112,10:00:11,1.5,150,62600
20240112,10:00:58,1.5,200,62600
20240112,10:03:59,1.55,250,62400
20240112,10:04:07,1.55,250,62400
20240112,10:04:13,1.55,100,62400
20240112,10:04:20,1.55,50,62400
20240112,10:04:28,1.55,50,62400
20240112,10:04:34,1.6,150,62400
20240112,10:05:04,1.65,800,62400
20240112,10:05:16,1.65,1400,62400
20240112,10:05:25,1.7,50,62400
20240112,10:06:11,1.7,250,62800
20240112,10:06:12,1.7,1950,62800
20240112,10:06:13,1.7,950,62800
20240112,10:06:34,1.7,150,62800
20240112,10:06:45,1.75,50,62800
20240112,10:07:27,1.75,50,62800
20240112,10:07:32,1.75,100,62800
20240112,10:07:43,1.75,50,62800
20240112,10:08:13,1.7,50,62800
20240112,10:08:23,1.7,2350,62800
20240112,10:08:24,1.7,1950,62800
20240112,10:08:25,1.7,300,62800
20240112,10:08:26,1.7,50,62800
20240112,10:08:29,1.65,250,65500
20240112,10:08:43,1.65,100,65500
20240112,10:08:49,1.65,100,65500
20240112,10:09:28,1.7,250,65500
20240112,10:09:30,1.7,250,65500
20240112,10:09:32,1.7,250,65500
20240112,10:09:35,1.7,600,65500
20240112,10:09:52,1.7,900,65500
20240112,10:09:54,1.65,50,65500
20240112,10:09:55,1.65,50,65500
20240112,10:09:56,1.65,50,65500
20240112,10:09:57,1.65,50,65500
20240112,10:09:58,1.65,50,65500
20240112,10:09:59,1.65,50,65500
20240112,10:10:00,1.65,50,65500
20240112,10:10:01,1.65,300,65500
20240112,10:10:14,1.65,100,65500
20240112,10:10:27,1.7,250,65500
20240112,10:10:54,1.65,700,65500
20240112,10:11:08,1.65,1050,65500
20240112,10:11:09,1.65,450,65500
20240112,10:11:54,1.65,650,65500
20240112,10:12:41,1.65,3600,68150
20240112,10:12:55,1.65,50,68150
20240112,10:13:31,1.65,50,68150
20240112,10:13:32,1.6,250,68150
20240112,10:13:34,1.6,250,68150
20240112,10:13:35,1.6,250,68150
20240112,10:13:36,1.6,50,68150
20240112,10:13:37,1.6,250,68150
20240112,10:13:42,1.6,50,68150
20240112,10:13:43,1.6,250,68150
20240112,10:13:45,1.6,250,68150
20240112,10:13:47,1.6,500,68150
20240112,10:13:54,1.6,50,68150
20240112,10:13:57,1.55,50,68150
20240112,10:13:57,1.55,250,68150
20240112,10:14:09,1.65,50,68150
20240112,10:14:19,1.6,1000,68150
20240112,10:14:20,1.6,50,68150
20240112,10:17:10,1.6,50,73100
20240112,10:17:13,1.6,50,73100
20240112,10:17:18,1.6,100,73100
20240112,10:17:49,1.55,5000,73100
20240112,10:17:49,1.55,200,73300
20240112,10:18:00,1.55,1950,73300
20240112,10:18:01,1.55,100,73300
20240112,10:18:03,1.55,100,73300
20240112,10:18:06,1.55,350,73300
20240112,10:18:11,1.55,100,73300
20240112,10:18:21,1.55,500,73300
20240112,10:18:33,1.55,100,73300
20240112,10:18:39,1.55,250,73300
20240112,10:19:31,1.55,50,73300
20240112,10:19:37,1.55,750,73300
20240112,10:19:38,1.55,100,73300
20240112,10:19:39,1.55,200,73300
20240112,10:19:48,1.5,100,73300
20240112,10:19:49,1.55,50,73300
20240112,10:20:24,1.55,250,73300
20240112,10:20:54,1.55,250,76350
20240112,10:21:11,1.5,50,76350
20240112,10:21:11,1.55,2300,76350
20240112,10:21:15,1.55,150,76350
20240112,10:21:33,1.55,150,76350
20240112,10:22:23,1.6,50,76350
20240112,10:23:15,1.6,50,76350
20240112,10:23:26,1.6,5000,76350
20240112,10:24:23,1.55,200,75150
20240112,10:25:16,1.55,50,75150
20240112,10:26:15,1.6,1800,75150
20240112,10:26:24,1.6,100,75150
20240112,10:28:22,1.6,250,75800
20240112,10:28:26,1.6,250,75800
20240112,10:28:28,1.6,550,75800
20240112,10:28:28,1.6,750,75800
20240112,10:29:30,1.65,400,75650
20240112,10:29:50,1.7,700,75650
20240112,10:29:53,1.7,150,75650
20240112,10:29:59,1.75,1800,75650
20240112,10:30:12,1.75,1800,75650
20240112,10:30:36,1.7,550,75650
20240112,10:30:40,1.7,250,75650
20240112,10:30:42,1.75,50,75650
20240112,10:31:25,1.75,50,75650
20240112,10:31:29,1.7,150,75650
20240112,10:32:07,1.65,2000,75650
20240112,10:32:44,1.7,850,75650
20240112,10:32:45,1.75,1800,76400
20240112,10:34:32,1.75,200,76400
20240112,10:34:33,1.7,200,76400
20240112,10:35:18,1.65,300,76400
20240112,10:35:21,1.65,300,76400
20240112,10:35:38,1.65,50,79550
20240112,10:35:59,1.65,400,79550
20240112,10:36:14,1.7,250,79550
20240112,10:37:11,1.7,100,79550
20240112,10:38:07,1.7,50,79550
20240112,10:40:10,1.85,300,79550
20240112,10:40:15,1.85,150,79000
20240112,10:40:19,1.85,150,79000
20240112,10:40:31,1.9,100,79000
20240112,10:40:48,1.9,250,79000
20240112,10:40:49,1.95,2250,79000
20240112,10:40:53,1.95,150,79000
20240112,10:40:54,2.0,1800,79000
20240112,10:40:57,2.1,1200,79000
20240112,10:41:09,2.1,2050,79000
20240112,10:41:11,2.0,250,79000
20240112,10:41:12,1.95,15000,79000
20240112,10:41:22,1.95,800,79000
20240112,10:41:24,1.95,100,79000
20240112,10:41:25,1.95,150,79000
20240112,10:41:41,1.9,800,79000
20240112,10:41:44,1.95,300,72500
20240112,10:41:45,1.9,1350,72500
20240112,10:41:46,1.95,1550,72500
20240112,10:41:57,1.95,200,72500
20240112,10:42:10,1.95,250,72500
20240112,10:42:42,1.95,50,72500
20240112,10:42:56,1.95,750,72500
20240112,10:43:10,1.95,1800,72500
20240112,10:43:19,1.95,1800,72500
20240112,10:43:46,1.95,1800,72500
20240112,10:44:10,1.95,2800,72500
20240112,10:44:26,2.0,400,72500
20240112,10:44:38,1.95,50,72500
20240112,10:45:02,2.0,100,74800
20240112,10:45:24,2.0,50,74800
20240112,10:45:40,2.0,1900,74800
20240112,10:46:04,1.95,300,74800
20240112,10:46:47,1.95,50,74800
20240112,10:46:49,2.0,1100,74800
20240112,10:46:59,1.95,450,74800
20240112,10:47:09,2.0,150,74800
20240112,10:47:13,1.95,50,74800
20240112,10:47:37,2.0,300,76400
20240112,10:47:41,2.0,600,76400
20240112,10:47:48,2.05,900,76400
20240112,10:47:50,2.0,250,76400
20240112,10:48:18,1.95,950,76400
20240112,10:48:36,1.95,50,76400
20240112,10:49:14,2.0,950,76400
20240112,10:49:43,1.95,50,76400
20240112,10:49:58,1.95,1000,76400
20240112,10:50:12,2.0,50,76400
20240112,10:50:13,2.0,100,76400
20240112,10:50:18,1.95,200,76400
20240112,10:50:20,1.9,500,76400
20240112,10:50:43,1.95,1800,78350
20240112,10:50:46,1.95,1050,78350
20240112,10:51:01,1.95,500,78350
20240112,10:51:01,1.95,1450,78350
20240112,10:53:29,1.95,600,78350
20240112,10:54:05,2.0,50,81950
20240112,10:55:36,1.95,50,81950
20240112,10:56:11,1.9,200,81950
20240112,10:56:28,1.9,250,81950
20240112,10:56:29,1.9,750,81950
20240112,10:56:40,1.9,300,82000
20240112,10:57:13,1.9,800,82000
20240112,10:57:17,1.9,1200,82000
20240112,10:58:45,1.95,50,82000
20240112,11:00:36,1.95,50,82000
20240112,11:00:50,1.85,200,81750
20240112,11:01:46,1.95,1800,81750
20240112,11:02:21,1.9,100,81750
20240112,11:02:22,1.95,200,81750
20240112,11:02:23,1.9,1200,81750
20240112,11:02:24,1.85,1500,81750
20240112,11:02:52,1.95,50,81750
20240112,11:02:55,1.95,200,81650
20240112,11:03:51,1.95,50,81650
20240112,11:03:59,1.95,1800,81650
20240112,11:04:10,2.0,1800,81650
20240112,11:04:17,2.05,50,81650
20240112,11:04:51,2.0,2150,81650
20240112,11:04:52,2.05,50,81650
20240112,11:05:23,1.95,2000,81650
20240112,11:06:22,1.95,1400,86950
20240112,11:06:34,2.0,50,86950
20240112,11:06:54,1.95,800,86950
20240112,11:07:19,1.95,150,86950
20240112,11:08:12,1.95,150,86950
20240112,11:08:13,1.95,150,86950
20240112,11:08:16,2.0,150,86950
20240112,11:08:21,2.0,800,86950
20240112,11:09:34,2.0,50,85550
20240112,11:10:10,1.9,50,85550
20240112,11:10:13,1.9,50,85550
20240112,11:10:17,2.0,500,85550
20240112,11:10:55,1.9,50,85550
20240112,11:10:56,1.9,50,85550
20240112,11:10:59,1.9,50,85550
20240112,11:11:00,1.9,50,85550
20240112,11:11:01,1.9,50,85550
20240112,11:11:02,1.9,50,85550
20240112,11:11:03,1.9,200,85550
20240112,11:11:04,1.9,200,85550
20240112,11:11:05,1.9,50,85550
20240112,11:11:07,1.9,100,85550
20240112,11:11:08,1.9,50,85550
20240112,11:11:09,1.9,50,85550
20240112,11:11:10,1.9,50,85550
20240112,11:11:11,1.9,50,85550
20240112,11:11:12,1.9,50,85550
20240112,11:11:13,1.9,50,85550
20240112,11:11:14,1.9,50,85550
20240112,11:11:15,1.9,100,85550
20240112,11:11:16,1.9,50,85550
20240112,11:11:18,1.9,250,85550
20240112,11:11:19,1.9,200,85550
20240112,11:11:20,1.9,200,85550
20240112,11:11:33,1.9,50,85550
20240112,11:11:40,1.9,50,84100
20240112,11:11:47,1.9,50,84100
20240112,11:11:51,1.9,400,84100
20240112,11:11:53,1.9,50,84100
20240112,11:11:54,1.9,50,84100
20240112,11:11:55,1.9,50,84100
20240112,11:11:56,1.9,50,84100
20240112,11:11:57,1.9,50,84100
20240112,11:11:58,1.9,50,84100
20240112,11:11:59,1.9,50,84100
20240112,11:12:00,1.9,50,84100
20240112,11:12:01,1.9,300,84100
20240112,11:12:02,1.9,50,84100
20240112,11:12:03,1.9,50,84100
20240112,11:12:04,1.9,50,84100
20240112,11:12:05,1.9,100,84100
20240112,11:12:06,1.85,50,84100
20240112,11:12:07,1.85,50,84100
20240112,11:12:08,1.85,50,84100
20240112,11:12:09,1.85,50,84100
20240112,11:12:10,1.85,50,84100
20240112,11:12:11,1.85,50,84100
20240112,11:12:12,1.85,50,84100
20240112,11:12:15,1.85,50,84100
20240112,11:12:18,1.85,50,84100
20240112,11:12:19,1.85,50,84100
20240112,11:12:20,1.85,50,84100
20240112,11:12:21,1.85,50,84100
20240112,11:12:22,1.85,50,84100
20240112,11:12:23,1.85,50,84100
20240112,11:12:24,1.85,50,84100
20240112,11:12:25,1.85,50,84100
20240112,11:12:26,1.85,50,84100
20240112,11:12:27,1.85,50,84100
20240112,11:12:28,1.85,50,84100
20240112,11:12:29,1.85,50,84100
20240112,11:12:36,1.85,200,84100
20240112,11:12:38,1.85,50,84100
20240112,11:12:43,1.85,50,84100
20240112,11:12:45,1.85,50,84100
20240112,11:12:56,1.85,50,84100
20240112,11:13:31,1.85,50,84100
20240112,11:13:32,1.85,50,84100
20240112,11:13:33,1.85,50,84100
20240112,11:13:35,1.85,50,84100
20240112,11:16:36,1.85,50,82950
20240112,11:16:51,1.85,200,82950
20240112,11:18:06,1.85,50,82950
20240112,11:20:19,1.9,250,82950
20240112,11:21:12,1.9,250,82950
20240112,11:21:15,1.95,1800,82950
20240112,11:21:21,1.85,50,82950
20240112,11:21:23,1.85,100,82950
20240112,11:21:24,1.85,200,82950
20240112,11:21:27,1.9,50,82950
20240112,11:21:28,1.9,50,82950
20240112,11:21:29,1.9,50,82950
20240112,11:21:30,1.9,50,82950
20240112,11:21:31,1.95,1850,82950
20240112,11:21:32,1.9,200,82950
20240112,11:21:33,1.95,750,82950
20240112,11:21:34,1.9,400,82950
20240112,11:21:35,1.95,50,82950
20240112,11:21:36,1.9,50,82950
20240112,11:21:37,1.9,50,82950
20240112,11:21:38,1.9,50,82950
20240112,11:21:39,1.9,50,82950
20240112,11:21:40,1.9,50,82950
20240112,11:21:41,1.9,50,82950
20240112,11:21:42,1.9,50,82950
20240112,11:21:43,1.9,50,82950
20240112,11:21:44,1.9,100,82950
20240112,11:21:45,1.9,50,82950
20240112,11:21:46,1.9,50,82950
20240112,11:21:47,1.9,50,82950
20240112,11:21:48,1.9,50,82950
20240112,11:21:49,1.9,50,82950
20240112,11:21:50,1.9,50,82950
20240112,11:21:52,1.9,50,82950
20240112,11:22:04,1.9,50,82950
20240112,11:22:53,1.9,50,82950
20240112,11:24:07,1.9,50,84700
20240112,11:28:30,1.95,700,84700
20240112,11:28:31,1.95,1700,84650
20240112,11:29:22,2.0,100,84650
20240112,11:29:30,1.95,50,84650
20240112,11:31:15,1.95,50,84650
20240112,11:31:27,1.95,50,85250
20240112,11:31:28,2.0,900,85250
20240112,11:31:39,1.95,1000,85250
20240112,11:31:45,1.95,250,85250
20240112,11:31:55,1.95,100,85250
20240112,11:31:57,1.95,250,85250
20240112,11:32:16,1.95,50,85250
20240112,11:32:21,1.95,50,85250
20240112,11:32:25,1.95,250,85250
20240112,11:32:29,1.95,1600,85250
20240112,11:36:09,1.95,100,85200
20240112,11:37:57,1.9,50,85200
20240112,11:38:02,1.9,50,85200
20240112,11:38:05,1.9,50,85200
20240112,11:38:57,1.95,300,85150
20240112,11:38:58,1.95,50,85150
20240112,11:39:01,1.95,50,85150
20240112,11:39:03,1.95,50,85150
20240112,11:39:04,1.95,50,85150
20240112,11:39:11,1.95,50,85150
20240112,11:39:15,1.95,50,85150
20240112,11:39:20,1.95,50,85150
20240112,11:39:36,1.95,50,85150
20240112,11:39:40,1.95,1600,85150
20240112,11:39:40,1.95,400,85150
20240112,11:40:09,2.0,4000,85150
20240112,11:40:10,2.05,1800,85150
20240112,11:41:46,2.05,1300,85150
20240112,11:42:16,1.95,900,88200
20240112,11:42:47,1.95,50,88200
20240112,11:43:14,2.0,50,88200
20240112,11:43:15,2.0,50,88200
20240112,11:43:21,2.05,250,88200
20240112,11:43:52,2.0,50,88200
20240112,11:43:59,2.0,50,88200
20240112,11:44:06,2.05,1800,88200
20240112,11:44:10,2.05,2800,88200
20240112,11:44:10,2.05,250,88200
20240112,11:44:12,2.05,50,88200
20240112,11:44:20,2.05,50,88200
20240112,11:44:30,2.05,50,88200
20240112,11:44:33,2.05,250,88200
20240112,11:44:40,2.05,50,88200
20240112,11:44:43,2.05,50,91900
20240112,11:44:57,2.05,50,91900
20240112,11:44:59,2.05,350,91900
20240112,11:45:07,2.05,800,91900
20240112,11:45:16,2.1,50,91900
20240112,11:45:54,2.15,250,91900
20240112,11:45:55,2.15,150,91900
20240112,11:46:14,2.15,600,91900
20240112,11:46:28,2.15,50,91900
20240112,11:46:31,2.15,150,91900
20240112,11:47:00,2.15,50,91900
20240112,11:47:17,2.1,50,91900
20240112,11:47:54,2.1,50,92700
20240112,11:48:17,2.1,100,92700
20240112,11:48:26,2.1,400,92700
20240112,11:48:27,2.1,200,92700
20240112,11:48:29,2.1,200,92700
20240112,11:48:30,2.1,200,92700
20240112,11:48:33,2.1,200,92700
20240112,11:48:34,2.1,800,92700
20240112,11:48:35,2.1,800,92700
20240112,11:48:36,2.1,1200,92700
20240112,11:48:37,2.1,400,92700
20240112,11:48:38,2.1,400,92700
20240112,11:48:39,2.1,400,92700
20240112,11:48:43,2.1,200,92700
20240112,11:48:44,2.1,800,92700
20240112,11:48:52,2.1,850,92700
20240112,11:50:40,2.15,50,92700
20240112,11:50:52,2.1,1000,92900
20240112,11:50:53,2.1,250,92900
20240112,11:53:01,2.1,50,92900
20240112,11:57:22,2.05,50,92950
20240112,12:01:13,2.0,150,92900
20240112,12:01:51,2.1,50,92900
20240112,12:01:56,2.05,150,92900
20240112,12:03:34,2.1,600,93050
20240112,12:03:49,2.05,50,93050
20240112,12:03:56,2.0,1000,93050
20240112,12:03:59,2.0,200,93050
20240112,12:04:02,2.0,200,93050
20240112,12:04:04,2.0,50,93050
20240112,12:04:16,2.05,50,93050
20240112,12:04:21,2.05,50,93050
20240112,12:04:27,2.0,50,93050
20240112,12:04:29,2.0,400,93050
20240112,12:04:32,2.0,200,93050
20240112,12:04:37,2.05,100,93050
20240112,12:04:40,2.05,100,93050
20240112,12:04:41,2.05,50,93050
20240112,12:04:50,2.05,200,93050
20240112,12:05:00,2.05,100,93050
20240112,12:05:01,2.05,200,93050
20240112,12:05:02,2.0,50,93050
20240112,12:05:03,2.0,50,93050
20240112,12:05:04,2.05,500,93050
20240112,12:05:10,2.05,100,93050
20240112,12:05:12,2.0,50,93050
20240112,12:05:17,2.0,50,93050
20240112,12:05:18,2.0,50,93050
20240112,12:05:19,2.0,50,93050
20240112,12:05:20,2.0,50,93050
20240112,12:05:22,2.0,50,93050
20240112,12:05:25,2.05,150,93050
20240112,12:05:28,1.95,50,93050
20240112,12:06:11,2.0,50,93050
20240112,12:06:55,2.0,50,95300
20240112,12:07:20,2.0,600,95300
20240112,12:07:54,1.95,50,95300
20240112,12:07:55,1.95,50,95300
20240112,12:07:56,1.95,50,95300
20240112,12:07:57,1.95,50,95300
20240112,12:07:58,1.95,50,95300
20240112,12:07:59,1.95,50,95300
20240112,12:08:00,1.95,50,95300
20240112,12:08:01,1.95,250,95300
20240112,12:08:02,1.95,200,95300
20240112,12:08:03,1.95,50,95300
20240112,12:08:04,1.95,50,95300
20240112,12:08:05,1.95,1050,95300
20240112,12:08:06,1.95,150,95300
20240112,12:08:07,1.95,50,95300
20240112,12:08:08,2.0,100,95300
20240112,12:08:09,1.95,50,95300
20240112,12:08:10,1.95,200,95300
20240112,12:08:11,1.95,200,95300
20240112,12:08:12,1.95,250,95300
20240112,12:08:13,1.95,150,95300
20240112,12:08:14,2.0,750,95300
20240112,12:08:15,1.95,50,95300
20240112,12:08:16,1.95,50,95300
20240112,12:08:17,1.95,50,95300
20240112,12:08:18,1.95,50,95300
20240112,12:08:19,1.95,50,95300
20240112,12:08:20,1.95,50,95300
20240112,12:08:21,1.95,50,95300
20240112,12:08:22,1.95,50,95300
20240112,12:08:23,1.95,250,95300
20240112,12:08:24,1.95,200,95300
20240112,12:08:25,1.95,200,95300
20240112,12:08:26,1.95,200,95300
20240112,12:08:29,2.0,50,95300
20240112,12:08:42,2.0,50,95300
20240112,12:08:52,2.0,50,92350
20240112,12:09:13,1.95,600,92350
20240112,12:09:18,1.95,50,92350
20240112,12:09:26,1.95,100,92350
20240112,12:09:34,1.95,200,92350
20240112,12:09:43,1.95,650,92350
20240112,12:10:04,1.9,50,92350
20240112,12:11:30,1.9,1700,92350
20240112,12:16:54,1.85,50,92700
20240112,12:17:10,1.95,100,92700
20240112,12:18:31,1.95,1200,92700
20240112,12:18:43,1.95,200,92600
20240112,12:18:44,1.95,200,92600
20240112,12:18:45,1.95,200,92600
20240112,12:18:46,1.95,200,92600
20240112,12:19:38,1.95,50,92600
20240112,12:20:44,1.9,300,92600
20240112,12:21:21,2.0,1000,92600
20240112,12:24:29,2.0,50,91500
20240112,12:28:47,2.0,50,91500
20240112,12:28:48,1.95,400,91550
20240112,12:32:51,1.95,50,92000
20240112,12:32:52,1.95,50,92000
20240112,12:33:34,2.0,50,92000
20240112,12:33:35,2.0,50,92000
20240112,12:33:46,1.95,50,92000
20240112,12:33:47,1.95,50,92000
20240112,12:33:57,1.95,50,92000
20240112,12:34:04,1.95,50,92000
20240112,12:34:56,1.95,50,92000
20240112,12:34:59,1.95,800,92000
20240112,12:34:59,1.95,400,92000
20240112,12:39:22,1.9,50,92000
20240112,12:43:56,1.9,50,92450
20240112,12:44:44,1.95,50,92450
20240112,12:44:50,1.95,50,92400
20240112,12:45:07,1.95,50,92400
20240112,12:45:23,1.95,50,92400
20240112,12:46:19,1.95,150,92400
20240112,12:50:10,1.95,250,92200
20240112,12:50:16,1.95,50,92200
20240112,12:50:21,1.95,250,92200
20240112,12:50:40,1.95,250,92200
20240112,12:51:16,1.95,50,92200
20240112,12:51:55,1.95,450,92100
20240112,12:51:58,1.95,250,92100
20240112,12:52:11,1.95,200,92100
20240112,12:52:13,1.95,200,92100
20240112,12:52:29,2.0,50,92100
20240112,12:53:05,1.9,50,92100
20240112,12:54:51,2.0,50,92100
20240112,12:54:54,2.0,50,92050
20240112,12:55:04,2.0,50,92050
20240112,12:55:20,2.0,50,92050
20240112,12:55:41,2.0,250,92050
20240112,12:55:43,2.0,250,92050
20240112,12:56:23,2.05,50,92050
20240112,12:56:25,2.05,600,92050
20240112,12:56:33,2.05,200,92050
20240112,12:56:43,2.1,50,92050
20240112,12:57:06,2.0,50,92500
20240112,12:57:19,2.05,50,92500
20240112,12:57:30,2.1,200,92500
20240112,12:58:03,2.15,100,92500
20240112,12:58:06,2.1,50,92500
20240112,12:58:10,2.2,1800,92500
20240112,12:58:11,2.25,3300,92500
20240112,12:58:11,2.25,1800,92500
20240112,12:58:25,2.25,100,92500
20240112,12:58:30,2.25,50,92500
20240112,12:58:37,2.2,250,92500
20240112,12:58:42,2.2,50,92500
20240112,12:58:50,2.2,50,92500
20240112,12:59:23,2.2,50,92500
20240112,12:59:24,2.2,50,92500
20240112,12:59:25,2.2,50,92500
20240112,12:59:31,2.2,50,92500
20240112,13:00:37,2.25,1750,99550
20240112,13:00:52,2.25,50,99550
20240112,13:00:55,2.25,50,99550
20240112,13:00:58,2.25,250,99550
20240112,13:01:00,2.25,50,99550
20240112,13:01:22,2.25,50,99550
20240112,13:01:25,2.25,50,99550
20240112,13:01:35,2.25,50,99550
20240112,13:01:40,2.25,250,99550
20240112,13:01:43,2.25,250,99550
20240112,13:02:03,2.25,1000,99550
20240112,13:02:15,2.25,100,99550
20240112,13:03:28,2.25,50,96750
20240112,13:04:25,2.25,400,96750
20240112,13:04:51,2.25,50,96750
20240112,13:05:01,2.3,400,96750
20240112,13:05:21,2.3,50,96750
20240112,13:05:40,2.3,500,96750
20240112,13:05:41,2.3,50,96750
20240112,13:05:42,2.3,500,96750
20240112,13:05:44,2.3,250,96750
20240112,13:05:49,2.3,2050,96750
20240112,13:05:51,2.35,50,96750
20240112,13:06:07,2.35,100,95700
20240112,13:06:12,2.35,50,95700
20240112,13:06:43,2.35,100,95700
20240112,13:06:48,2.35,150,95700
20240112,13:08:13,2.4,150,95700
20240112,13:09:12,2.4,50,95700
20240112,13:10:33,2.3,50,95700
20240112,13:11:29,2.3,50,95700
20240112,13:11:32,2.3,50,95700
20240112,13:11:49,2.3,50,95700
20240112,13:12:25,2.3,50,95650
20240112,13:13:04,2.3,50,95650
20240112,13:13:27,2.3,50,95650
20240112,13:14:46,2.35,350,95650
20240112,13:15:15,2.35,300,95650
20240112,13:15:16,2.35,50,95650
20240112,13:15:17,2.4,50,95650
20240112,13:15:22,2.4,50,95650
20240112,13:15:32,2.4,250,95650
20240112,13:15:40,2.35,50,95650
20240112,13:15:52,2.4,1550,95650
20240112,13:16:09,2.45,1800,95650
20240112,13:18:26,2.45,700,98300
20240112,13:19:25,2.45,600,98300
20240112,13:19:40,2.45,250,98300
20240112,13:19:45,2.4,600,98300
20240112,13:19:55,2.45,1450,98300
20240112,13:23:09,2.5,2050,97400
20240112,13:23:09,2.5,1800,97400
20240112,13:23:57,2.5,300,101100
20240112,13:23:58,2.45,150,101100
20240112,13:23:59,2.45,800,101100
20240112,13:24:26,2.5,1850,101100
20240112,13:25:51,2.55,1800,101100
20240112,13:26:19,2.55,650,101100
20240112,13:27:28,2.55,1200,103500
20240112,13:28:08,2.55,2450,103500
20240112,13:28:14,2.55,2200,103500
20240112,13:29:24,2.6,50,103500
20240112,13:30:14,2.6,400,108000
20240112,13:30:41,2.55,250,108000
20240112,13:30:43,2.55,900,108000
20240112,13:30:45,2.55,2650,108000
20240112,13:31:53,2.55,50,108000
20240112,13:32:15,2.5,500,108000
20240112,13:32:20,2.5,300,108000
20240112,13:32:23,2.5,550,108000
20240112,13:32:25,2.5,50,108000
20240112,13:32:36,2.5,100,108000
20240112,13:33:09,2.5,50,107400
20240112,13:33:38,2.5,50,107400
20240112,13:33:46,2.5,50,107400
20240112,13:33:53,2.5,50,107400
20240112,13:34:55,2.45,1100,107400
20240112,13:37:16,2.5,50,108500
20240112,13:38:41,2.5,50,108500
20240112,13:38:58,2.45,50,108500
20240112,13:39:00,2.45,50,108500
20240112,13:39:01,2.45,50,108500
20240112,13:39:02,2.45,50,108500
20240112,13:39:11,2.45,50,108500
20240112,13:39:13,2.45,50,108500
20240112,13:39:55,2.45,50,108500
20240112,13:39:56,2.45,50,108500
20240112,13:40:18,2.45,1750,108500
20240112,13:40:19,2.5,1800,108500
20240112,13:41:11,2.45,50,108500
20240112,13:41:16,2.5,400,108500
20240112,13:41:18,2.55,3450,108500
20240112,13:41:20,2.55,50,108500
20240112,13:41:21,2.55,50,108500
20240112,13:41:23,2.55,900,108500
20240112,13:41:29,2.55,50,108500
20240112,13:41:31,2.6,2350,108500
20240112,13:41:32,2.6,700,108500
20240112,13:41:34,2.65,2200,108500
20240112,13:41:36,2.6,50,108500
20240112,13:41:39,2.6,50,108500
20240112,13:42:01,2.7,5800,118600
20240112,13:42:01,2.7,800,118600
20240112,13:42:04,2.65,2550,118600
20240112,13:42:10,2.7,350,118600
20240112,13:42:41,2.7,150,118600
20240112,13:42:53,2.75,1750,118600
20240112,13:42:54,2.75,100,118600
20240112,13:42:56,2.8,1500,118600
20240112,13:42:59,2.8,150,118600
20240112,13:43:22,2.75,50,118600
20240112,13:43:31,2.75,50,118600
20240112,13:43:56,2.8,2500,118600
20240112,13:44:05,2.75,50,118600
20240112,13:45:36,2.75,250,118600
20240112,13:45:54,2.75,250,126700
20240112,13:46:01,2.75,3100,126700
20240112,13:46:02,2.75,500,126700
20240112,13:46:03,2.75,250,126700
20240112,13:46:08,2.75,250,126700
20240112,13:46:10,2.75,100,126700
20240112,13:46:12,2.75,750,126700
20240112,13:46:14,2.75,250,126700
20240112,13:46:17,2.75,250,126700
20240112,13:46:23,2.75,750,126700
20240112,13:46:26,2.75,500,126700
20240112,13:46:29,2.75,2000,126700
20240112,13:46:31,2.75,100,126700
20240112,13:46:50,2.75,1800,126700
20240112,13:46:51,2.75,200,126700
20240112,13:46:58,2.8,1800,126700
20240112,13:47:05,2.7,50,126700
20240112,13:48:36,2.75,600,127950
20240112,13:48:38,2.75,50,127950
20240112,13:48:51,2.75,650,127950
20240112,13:48:54,2.8,250,127950
20240112,13:48:59,2.75,250,127950
20240112,13:49:02,2.75,50,127950
20240112,13:51:05,2.7,1000,127000
20240112,13:51:18,2.7,1000,127000
20240112,13:52:15,2.8,250,127000
20240112,13:54:20,2.85,50,127900
20240112,13:55:17,2.85,200,127900
20240112,13:55:18,2.85,50,127900
20240112,13:55:34,2.85,50,127900
20240112,13:56:05,2.85,250,127900
20240112,13:56:41,2.8,1800,127900
20240112,13:57:02,2.75,50,127900
20240112,14:00:43,2.8,250,128800
20240112,14:00:48,2.8,500,128800
20240112,14:01:31,2.75,500,128800
20240112,14:01:44,2.75,150,128800
20240112,14:02:47,2.75,100,128800
20240112,14:02:48,2.8,100,128800
20240112,14:02:50,2.75,50,128800
20240112,14:02:51,2.8,50,128800
20240112,14:02:57,2.7,800,128800
20240112,14:03:22,2.8,1800,128850
20240112,14:03:23,2.7,500,128850
20240112,14:03:31,2.7,500,128850
20240112,14:03:46,2.7,500,128850
20240112,14:03:50,2.75,50,128850
20240112,14:04:11,2.75,50,128850
20240112,14:04:21,2.75,50,128850
20240112,14:05:07,2.75,50,128850
20240112,14:05:51,2.7,600,128850
20240112,14:06:45,2.75,250,130550
20240112,14:06:46,2.75,500,130550
20240112,14:07:12,2.75,1800,130550
20240112,14:08:06,2.7,650,130550
20240112,14:08:19,2.75,50,130550
20240112,14:08:39,2.65,5200,130550
20240112,14:08:40,2.65,1000,130550
20240112,14:08:41,2.65,1000,130550
20240112,14:08:42,2.65,2000,130550
20240112,14:08:44,2.65,400,130550
20240112,14:09:29,2.6,2400,135900
20240112,14:09:33,2.6,400,135900
20240112,14:09:36,2.6,600,135900
20240112,14:09:38,2.6,50,135900
20240112,14:09:46,2.6,50,135900
20240112,14:09:49,2.65,200,135900
20240112,14:10:09,2.65,200,135900
20240112,14:10:14,2.65,650,135900
20240112,14:11:40,2.6,200,135900
20240112,14:12:11,2.6,100,137150
20240112,14:19:08,2.55,150,137150
20240112,14:19:29,2.55,1800,137150
20240112,14:19:52,2.55,50,137150
20240112,14:20:01,2.55,100,137150
20240112,14:20:23,2.55,100,137150
20240112,14:20:27,2.55,50,137150
20240112,14:20:40,2.55,50,137150
20240112,14:20:45,2.6,800,137150
20240112,14:20:46,2.6,7000,137150
20240112,14:21:51,2.6,200,130800
20240112,14:22:06,2.6,100,130800
20240112,14:22:51,2.6,300,130800
20240112,14:22:56,2.6,250,130800
20240112,14:22:58,2.6,300,130800
20240112,14:23:05,2.6,500,130800
20240112,14:23:48,2.6,250,130800
20240112,14:25:43,2.6,50,129950
20240112,14:25:53,2.55,50,129950
20240112,14:26:16,2.55,50,129950
20240112,14:26:58,2.6,250,129950
20240112,14:27:00,2.6,250,129950
20240112,14:27:04,2.6,250,129950
20240112,14:27:23,2.55,300,129950
20240112,14:27:47,2.6,50,129950
20240112,14:28:03,2.6,50,129950
20240112,14:28:11,2.6,300,129950
20240112,14:28:12,2.65,500,129950
20240112,14:28:59,2.65,50,129950
20240112,14:33:38,2.6,50,130250
20240112,14:35:54,2.6,50,130250
20240112,14:36:08,2.7,500,130150
20240112,14:36:42,2.75,2200,130150
20240112,14:38:06,2.85,600,130150
20240112,14:38:43,2.85,300,130150
20240112,14:38:44,2.85,250,130150
20240112,14:38:48,2.85,250,130150
20240112,14:39:03,2.9,50,130150
20240112,14:39:24,2.9,1050,128600
20240112,14:42:02,2.85,50,128600
20240112,14:42:10,2.85,300,129100
20240112,14:42:14,2.85,1450,129100
20240112,14:43:01,2.9,600,129100
20240112,14:43:26,2.95,50,129100
20240112,14:43:55,2.95,300,129100
20240112,14:44:00,2.9,250,129100
20240112,14:44:09,2.9,250,129100
20240112,14:44:18,2.9,400,129100
20240112,14:44:19,2.9,600,129100
20240112,14:44:51,2.85,1150,129100
20240112,14:45:02,2.85,50,129100
20240112,14:45:12,2.85,50,127750
20240112,14:45:20,2.85,500,127750
20240112,14:45:30,2.85,50,127750
20240112,14:45:36,2.85,500,127750
20240112,14:45:51,2.85,1800,127750
20240112,14:46:36,2.8,100,127750
20240112,14:46:53,2.8,100,127750
20240112,14:47:59,2.75,50,127750
20240112,14:48:13,2.7,50,126500
20240112,14:48:21,2.75,50,126500
20240112,14:48:52,2.7,50,126500
20240112,14:50:06,2.7,150,126500
20240112,14:51:01,2.65,200,126500
20240112,14:51:18,2.7,1150,126500
20240112,14:52:05,2.6,500,126500
20240112,14:52:16,2.7,250,126500
20240112,14:52:52,2.65,250,126500
20240112,14:52:57,2.65,250,126500
20240112,14:53:18,2.6,750,126500
20240112,14:53:59,2.65,300,126500
20240112,14:54:03,2.65,250,126500
20240112,14:54:17,2.65,500,126500
20240112,14:54:52,2.6,1250,129000
20240112,14:55:31,2.6,50,129000
20240112,14:55:51,2.6,50,129000
20240112,14:55:57,2.55,400,129000
20240112,14:56:44,2.5,50,129000
20240112,14:56:54,2.5,300,129000
20240112,14:59:00,2.5,450,129050
20240112,15:00:17,2.55,200,128900
20240112,15:00:19,2.55,250,128900
20240112,15:00:22,2.5,200,128900
20240112,15:00:25,2.5,200,128900
20240112,15:00:28,2.5,200,128900
20240112,15:00:40,2.55,50,128900
20240112,15:00:43,2.55,250,128900
20240112,15:00:48,2.55,1350,128900
20240112,15:00:51,2.5,150,128900
20240112,15:01:03,2.5,50,128900
20240112,15:03:38,2.5,450,128900
20240112,15:03:41,2.45,200,129200
20240112,15:03:52,2.45,200,129200
20240112,15:03:53,2.45,300,129200
20240112,15:03:54,2.45,850,129200
20240112,15:03:55,2.45,200,129200
20240112,15:03:57,2.4,1150,129200
20240112,15:03:58,2.45,200,129200
20240112,15:04:01,2.45,250,129200
20240112,15:04:59,2.45,600,129200
20240112,15:05:02,2.4,600,129200
20240112,15:05:03,2.4,300,129200
20240112,15:05:04,2.4,200,129200
20240112,15:05:05,2.4,1200,129200
20240112,15:05:30,2.35,700,129200
20240112,15:05:37,2.4,600,129200
20240112,15:06:02,2.3,500,129200
20240112,15:06:06,2.3,100,129200
20240112,15:06:17,2.4,100,125300
20240112,15:06:37,2.4,300,125300
20240112,15:07:23,2.4,50,125300
20240112,15:07:24,2.3,100,125300
20240112,15:07:36,2.3,100,125300
20240112,15:07:37,2.3,500,125300
20240112,15:08:10,2.25,750,125300
20240112,15:08:11,2.2,1800,125300
20240112,15:08:18,2.3,50,125300
20240112,15:09:51,2.2,1600,124750
20240112,15:09:54,2.2,100,124750
20240112,15:10:04,2.2,100,124750
20240112,15:10:32,2.2,50,124750
20240112,15:10:39,2.15,50,124750
20240112,15:10:45,2.15,200,124750
20240112,15:10:48,2.1,200,124750
20240112,15:10:49,2.1,200,124750
20240112,15:10:50,2.1,200,124750
20240112,15:10:51,2.1,200,124750
20240112,15:10:52,2.1,200,124750
20240112,15:10:53,2.1,200,124750
20240112,15:10:54,2.1,200,124750
20240112,15:10:55,2.1,2300,124750
20240112,15:10:58,2.05,200,124750
20240112,15:10:59,2.05,700,124750
20240112,15:11:00,2.05,850,124750
20240112,15:11:02,2.05,400,124750
20240112,15:11:03,2.05,200,124750
20240112,15:11:04,2.05,200,124750
20240112,15:11:05,2.05,200,124750
20240112,15:11:06,2.05,200,124750
20240112,15:11:07,2.05,200,124750
20240112,15:11:09,2.05,1000,124750
20240112,15:11:10,2.05,200,124750
20240112,15:11:11,2.05,200,124750
20240112,15:11:12,2.05,200,124750
20240112,15:11:16,2.0,300,124750
20240112,15:11:18,2.05,1500,124750
20240112,15:11:29,2.05,50,124750
20240112,15:11:47,2.0,300,124750
20240112,15:11:48,2.05,1600,124750
20240112,15:12:01,2.0,450,124750
20240112,15:12:04,2.0,200,124750
20240112,15:12:42,2.05,350,118600
20240112,15:12:53,2.05,200,118600
20240112,15:12:57,2.05,1400,118600
20240112,15:13:10,2.05,1800,118600
20240112,15:13:12,2.0,1800,118600
20240112,15:13:12,2.0,1400,118600
20240112,15:13:20,2.05,200,118600
20240112,15:13:20,2.0,200,118600
20240112,15:13:23,2.0,200,118600
20240112,15:13:26,2.0,50,118600
20240112,15:13:35,2.0,1900,118600
20240112,15:13:40,2.0,2950,118600
20240112,15:13:51,2.0,250,118600
20240112,15:13:57,1.95,200,118600
20240112,15:13:59,2.0,650,118600
20240112,15:14:19,2.0,800,118600
20240112,15:14:29,2.0,500,118600
20240112,15:14:34,2.0,350,118600
20240112,15:14:45,2.0,800,118600
20240112,15:14:46,2.0,3200,118600
20240112,15:14:47,2.0,550,118600
20240112,15:14:58,2.05,4400,118600
20240112,15:14:59,2.05,5000,118600
20240112,15:15:16,2.0,300,118600
20240112,15:15:24,2.0,50,116500
20240112,15:15:26,2.05,200,116500
20240112,15:15:28,2.05,300,116500
20240112,15:15:39,2.05,300,116500
20240112,15:16:04,2.05,200,116500
20240112,15:16:12,2.05,1850,116500
20240112,15:16:14,2.05,50,116500
20240112,15:16:17,2.05,100,116500
20240112,15:16:20,2.05,50,116500
20240112,15:16:23,2.05,250,116500
20240112,15:16:31,2.1,50,116500
20240112,15:16:36,2.1,200,116500
20240112,15:16:48,2.1,300,116500
20240112,15:16:50,2.05,500,116500
20240112,15:17:10,2.05,1250,116500
20240112,15:17:11,2.05,2000,116500
20240112,15:17:14,2.05,850,116500
20240112,15:17:20,2.05,200,116500
20240112,15:17:23,2.0,100,116500
20240112,15:17:29,2.0,500,116500
20240112,15:17:51,2.05,50,116500
20240112,15:18:08,2.05,3400,116500
20240112,15:19:09,2.1,1900,116500
20240112,15:19:26,2.15,300,120900
20240112,15:19:38,2.05,4000,120900
20240112,15:19:44,2.1,500,120900
20240112,15:19:45,2.1,1700,120900
20240112,15:19:48,2.05,1000,120900
20240112,15:20:03,2.05,50,120900
20240112,15:20:04,2.05,100,120900
20240112,15:20:05,2.05,400,120900
20240112,15:20:06,2.05,4000,120900
20240112,15:20:11,2.05,50,120900
20240112,15:20:22,2.0,50,120900
20240112,15:20:23,2.05,800,120900
20240112,15:20:23,2.05,400,120900
20240112,15:20:34,2.1,600,120900
20240112,15:20:35,2.05,6350,120900
20240112,15:20:36,2.05,400,120900
20240112,15:20:41,2.1,1000,120900
20240112,15:20:53,2.05,1000,120900
20240112,15:20:59,2.05,400,120900
20240112,15:21:02,2.05,600,120900
20240112,15:21:06,2.05,50,120900
20240112,15:21:24,2.1,250,122350
20240112,15:21:25,2.1,250,122350
20240112,15:21:27,2.1,500,122350
20240112,15:21:28,2.1,1300,122350
20240112,15:21:55,2.15,1000,122350
20240112,15:22:10,2.2,150,122350
20240112,15:22:38,2.2,400,122350
20240112,15:22:38,2.1,300,122350
20240112,15:23:09,2.15,100,122350
20240112,15:23:39,2.15,100,122350
20240112,15:23:55,2.15,700,122350
20240112,15:24:22,2.1,50,122350
20240112,15:24:24,2.1,50,121150
20240112,15:25:01,2.15,100,121150
20240112,15:25:02,2.1,50,121150
20240112,15:25:03,2.15,100,121150
20240112,15:25:06,2.15,100,121150
20240112,15:25:10,2.15,100,121150
20240112,15:25:12,2.15,100,121150
20240112,15:25:14,2.15,50,121150
20240112,15:25:18,2.1,1500,121150
20240112,15:25:27,2.1,100,121150
20240112,15:25:28,2.1,50,121150
20240112,15:25:39,2.1,100,121150
20240112,15:25:40,2.1,2400,121150
20240112,15:25:45,2.1,400,121150
20240112,15:26:05,2.1,1800,121150
20240112,15:26:18,2.15,850,121150
20240112,15:26:19,2.15,550,121150
20240112,15:26:26,2.15,250,121150
20240112,15:26:30,2.2,250,121150
20240112,15:26:43,2.15,1500,121150
20240112,15:26:46,2.15,200,121150
20240112,15:26:57,2.1,200,121150
20240112,15:27:51,2.1,100,120300
20240112,15:28:02,2.15,100,120300
20240112,15:28:03,2.2,50,120300
20240112,15:28:13,2.2,350,120300
20240112,15:28:21,2.2,100,120300
20240112,15:28:26,2.15,350,120300
20240112,15:28:39,2.2,100,120300
20240112,15:28:51,2.15,400,120300
20240112,15:28:56,2.2,100,120300
20240112,15:29:00,2.25,100,120300
20240112,15:29:20,2.2,600,120300
20240112,15:29:23,2.15,150,120300
20240112,15:29:24,2.2,800,120300
20240112,15:29:29,2.15,100,120300
20240112,15:29:33,2.2,500,120300
20240112,15:29:34,2.15,500,120300
20240112,15:29:36,2.2,400,120300
20240112,15:29:38,2.2,500,120300
20240112,15:29:45,2.25,400,120300
20240112,15:29:48,2.2,1800,120300
20240112,15:29:49,2.2,600,120300
20240112,15:29:59,2.35,400,120300
20240115,09:15:05,2.2,1,118800
20240115,09:15:05,2.2,50,118800
20240115,09:15:07,2.15,400,118800
20240115,09:15:09,2.25,100,118800
20240115,09:15:23,1.2,50,118800
20240115,09:15:28,1.8,50,118800
20240115,09:15:48,1.9,200,118800
20240115,09:15:50,1.95,200,118800
20240115,09:17:04,1.8,1050,118800
20240115,09:17:22,1.75,50,118800
20240115,09:17:23,1.75,200,118800
20240115,09:17:24,1.7,50,118800
20240115,09:17:25,1.7,50,118800
20240115,09:17:26,1.7,100,120050
20240115,09:17:27,1.7,50,120050
20240115,09:17:28,1.7,50,120050
20240115,09:17:29,1.7,50,120050
20240115,09:17:30,1.7,50,120050
20240115,09:17:31,1.7,50,120050
20240115,09:17:32,1.7,50,120050
20240115,09:17:33,1.7,50,120050
20240115,09:17:35,1.7,50,120050
20240115,09:17:36,1.7,50,120050
20240115,09:17:38,1.7,50,120050
20240115,09:17:38,1.75,550,120050
20240115,09:17:39,1.75,150,120050
20240115,09:17:40,1.75,450,120050
20240115,09:17:42,1.75,350,120050
20240115,09:17:44,1.7,50,120050
20240115,09:17:45,1.7,50,120050
20240115,09:17:47,1.7,50,120050
20240115,09:17:48,1.7,50,120050
20240115,09:17:49,1.7,50,120050
20240115,09:17:51,1.7,50,120050
20240115,09:17:52,1.7,50,120050
20240115,09:17:53,1.7,50,120050
20240115,09:17:55,1.7,50,120050
20240115,09:17:56,1.7,50,120050
20240115,09:17:57,1.7,50,120050
20240115,09:17:59,1.7,50,120050
20240115,09:18:00,1.7,50,120050
20240115,09:18:02,1.7,50,120050
20240115,09:18:03,1.7,50,120050
20240115,09:18:04,1.7,50,120050
20240115,09:18:05,1.75,100,120050
20240115,09:18:23,1.8,400,120050
20240115,09:18:49,1.8,250,120050
20240115,09:18:51,1.8,300,120050
20240115,09:19:21,1.75,50,120050
20240115,09:20:01,1.75,1800,120050
20240115,09:20:02,1.8,250,120050
20240115,09:20:06,1.8,100,120050
20240115,09:20:13,1.8,150,120050
20240115,09:20:43,1.85,900,121400
20240115,09:20:56,1.85,250,121400
20240115,09:21:03,1.85,1500,121400
20240115,09:21:07,1.85,50,121400
20240115,09:21:08,1.9,800,121400
20240115,09:21:23,1.9,400,121400
20240115,09:21:37,1.9,150,121400
20240115,09:21:58,1.9,1800,121400
20240115,09:22:17,1.9,50,121400
20240115,09:22:21,1.9,50,121400
20240115,09:22:24,1.9,50,121400
20240115,09:22:26,1.9,350,121400
20240115,09:24:01,1.85,300,121400
20240115,09:24:35,1.8,50,122650
20240115,09:24:35,1.8,250,122650
20240115,09:25:17,1.8,50,122650
20240115,09:26:34,1.8,100,122650
20240115,09:27:07,1.85,1800,122700
20240115,09:27:19,1.9,1800,122700
20240115,09:27:30,1.85,1800,122700
20240115,09:27:30,1.8,100,122700
20240115,09:27:31,1.8,250,122700
20240115,09:29:01,1.85,100,122700
20240115,09:30:09,1.9,1200,126850
20240115,09:30:13,1.9,1200,126850
20240115,09:30:18,1.8,1800,126850
20240115,09:30:24,1.8,1800,126850
20240115,09:30:28,1.8,1800,126850
20240115,09:30:32,1.85,600,126850
20240115,09:31:16,1.9,50,126850
20240115,09:31:31,1.9,100,126850
20240115,09:31:43,1.9,400,126850
20240115,09:31:57,1.85,100,126850
20240115,09:33:26,1.95,500,122850
20240115,09:33:52,1.95,200,122850
20240115,09:35:15,1.95,100,122850
20240115,09:35:17,1.9,50,122850
20240115,09:36:28,1.9,100,122850
20240115,09:37:19,1.9,50,123400
20240115,09:37:50,1.95,50,123400
20240115,09:38:07,1.9,50,123400
20240115,09:38:40,1.9,50,123350
20240115,09:38:59,1.95,1800,123350
20240115,09:39:09,1.95,1850,123350
20240115,09:39:10,1.95,100,123350
20240115,09:39:12,1.95,50,123350
20240115,09:39:13,1.95,50,123350
20240115,09:39:15,1.95,50,123350
20240115,09:39:16,1.95,300,123350
20240115,09:39:20,1.95,50,123350
20240115,09:39:21,2.0,500,123350
20240115,09:39:29,1.95,1900,123350
20240115,09:41:13,1.95,50,123350
20240115,09:41:22,2.0,500,123350
20240115,09:41:39,2.0,150,123100
20240115,09:41:40,2.0,50,123100
20240115,09:41:46,2.0,200,123100
20240115,09:41:47,2.0,350,123100
20240115,09:41:48,2.0,50,123100
20240115,09:41:49,2.0,150,123100
20240115,09:41:51,2.0,100,123100
20240115,09:41:52,2.0,50,123100
20240115,09:41:58,2.0,1800,123100
20240115,09:42:11,1.95,250,123100
20240115,09:42:17,1.95,50,123100
20240115,09:43:05,1.95,50,123100
20240115,09:43:24,2.0,100,123100
20240115,09:43:29,1.95,250,123100
20240115,09:43:38,1.95,50,123100
20240115,09:43:45,1.95,250,123100
20240115,09:43:47,1.95,1000,123100
20240115,09:43:51,2.0,600,123100
20240115,09:44:03,1.95,250,123100
20240115,09:44:36,1.95,250,122750
20240115,09:45:24,2.0,50,122750
20240115,09:45:26,1.95,50,122750
20240115,09:45:29,2.0,50,122750
20240115,09:45:35,2.0,50,122750
20240115,09:46:04,1.95,1000,122750
20240115,09:46:43,1.85,50,122750
20240115,09:47:40,1.95,100,122750
20240115,09:48:24,1.95,100,123600
20240115,09:48:42,1.85,100,123600
20240115,09:48:50,1.9,600,123600
20240115,09:48:52,1.9,50,123600
20240115,09:48:53,1.9,50,123600
20240115,09:48:54,1.9,300,123600
20240115,09:48:55,1.9,50,123600
20240115,09:49:13,1.9,50,123600
20240115,09:49:18,1.9,1050,123600
20240115,09:49:27,1.9,50,123600
20240115,09:49:40,1.9,50,123600
20240115,09:50:12,1.9,50,123600
20240115,09:50:55,1.9,100,124550
20240115,09:51:01,1.85,50,124550
20240115,09:51:18,1.9,1000,124550
20240115,09:51:22,1.9,50,124550
20240115,09:51:44,1.9,150,124550
20240115,09:51:49,1.95,50,124550
20240115,09:51:57,1.9,100,124550
20240115,09:51:59,1.9,100,124550
20240115,09:52:02,1.9,100,124550
20240115,09:52:08,1.9,700,124550
20240115,09:52:11,1.9,2100,124550
20240115,09:52:13,1.85,50,124550
20240115,09:52:20,1.9,150,124550
20240115,09:52:39,1.85,1650,124550
20240115,09:52:41,1.9,100,124550
20240115,09:52:45,1.85,100,124550
20240115,09:53:03,1.9,50,124550
20240115,09:53:22,1.85,100,124550
20240115,09:53:55,1.9,50,126600
20240115,09:54:06,1.8,50,126600
20240115,09:54:47,1.8,200,126600
20240115,09:54:57,1.8,1300,126600
20240115,09:55:03,1.75,50,126600
20240115,09:55:26,1.75,400,126600
20240115,09:55:29,1.75,500,126600
20240115,09:55:32,1.75,50,126600
20240115,09:55:57,1.75,50,126600
20240115,09:56:26,1.7,1600,126600
20240115,09:57:38,1.7,100,126600
20240115,09:58:06,1.75,100,127700
20240115,09:59:21,1.75,250,127700
20240115,10:00:07,1.75,500,127700
20240115,10:00:31,1.75,250,127600
20240115,10:00:45,1.75,50,127600
20240115,10:01:18,1.65,50,127600
20240115,10:02:35,1.65,500,127100
20240115,10:02:55,1.75,50,127100
20240115,10:07:04,1.75,3600,127100
20240115,10:08:12,1.75,5700,127100
20240115,10:08:16,1.75,500,127100
20240115,10:08:31,1.8,1300,127100
20240115,10:11:28,1.75,50,129800
20240115,10:11:29,1.75,50,129800
20240115,10:11:30,1.75,50,129800
20240115,10:13:59,1.85,100,129950
20240115,10:15:03,1.75,100,129950
20240115,10:15:05,1.8,300,129950
20240115,10:15:09,1.8,250,129950
20240115,10:15:18,1.75,100,129950
20240115,10:16:46,1.8,50,129950
20240115,10:20:20,1.75,50,129950
20240115,10:21:49,1.8,50,129950
20240115,10:22:20,1.75,50,129950
20240115,10:22:34,1.8,1000,129950
20240115,10:24:36,1.75,50,129950
20240115,10:24:38,1.75,50,129950
20240115,10:24:40,1.75,50,129950
20240115,10:24:41,1.75,50,129950
20240115,10:24:42,1.75,50,129950
20240115,10:24:49,1.7,10150,129950
20240115,10:25:12,1.7,1000,129950
20240115,10:25:23,1.75,100,129950
20240115,10:25:24,1.75,50,129950
20240115,10:25:28,1.7,400,129950
20240115,10:25:29,1.7,50,129950
20240115,10:25:30,1.7,50,129950
20240115,10:25:31,1.7,50,129950
20240115,10:25:33,1.7,50,129950
20240115,10:25:34,1.7,50,129950
20240115,10:25:35,1.7,50,129950
20240115,10:25:36,1.7,50,129950
20240115,10:25:37,1.7,50,129950
20240115,10:25:42,1.7,50,129950
20240115,10:26:51,1.65,50,129950
20240115,10:27:14,1.7,300,135150
20240115,10:27:21,1.7,250,135150
20240115,10:27:33,1.7,250,135150
20240115,10:27:37,1.7,350,135150
20240115,10:27:39,1.7,350,135150
20240115,10:29:22,1.7,500,135150
20240115,10:29:36,1.7,1400,135150
20240115,10:29:37,1.7,250,135150
20240115,10:29:38,1.7,6700,137150
20240115,10:29:55,1.7,50,137150
20240115,10:30:04,1.75,1000,137150
20240115,10:30:08,1.7,100,137150
20240115,10:30:12,1.7,50,137150
20240115,10:30:38,1.7,50,137150
20240115,10:31:03,1.7,50,137150
20240115,10:32:01,1.75,50,137150
20240115,10:36:54,1.75,100,137150
20240115,10:37:32,1.75,50,143550
20240115,10:41:20,1.75,150,143450
20240115,10:43:00,1.7,250,143450
20240115,10:43:03,1.7,3700,143450
20240115,10:43:04,1.7,1650,143450
20240115,10:43:05,1.7,50,143450
20240115,10:43:06,1.7,50,143450
20240115,10:43:45,1.7,50,143450
20240115,10:44:25,1.75,2000,143450
20240115,10:44:26,1.75,1000,143450
20240115,10:44:36,1.75,1200,143450
20240115,10:44:36,1.75,5600,143450
20240115,10:44:37,1.75,3650,143450
20240115,10:45:00,1.75,50,131200
20240115,10:45:02,1.75,50,131200
20240115,10:45:03,1.75,1000,131200
20240115,10:45:06,1.7,450,131200
20240115,10:45:38,1.7,50,131200
20240115,10:55:50,1.75,50,131200
20240115,10:56:28,1.75,1100,131850
20240115,10:56:51,1.75,250,131850
20240115,10:56:58,1.75,250,133000
20240115,10:57:07,1.75,50,133000
20240115,10:57:15,1.75,350,133000
20240115,10:57:29,1.75,50,133000
20240115,10:58:27,1.8,250,133000
20240115,10:59:46,1.8,50,133100
20240115,11:00:02,1.8,100,133100
20240115,11:00:03,1.8,50,133100
20240115,11:00:05,1.8,1000,133100
20240115,11:01:11,1.75,50,133100
20240115,11:01:16,1.8,50,133100
20240115,11:01:35,1.75,50,133100
20240115,11:03:01,1.8,150,134250
20240115,11:05:31,1.75,100,134250
20240115,11:05:58,1.8,100,134400
20240115,11:06:40,1.8,200,134400
20240115,11:06:41,1.8,50,134400
20240115,11:07:22,1.8,150,134400
20240115,11:07:42,1.8,50,134400
20240115,11:08:03,1.75,50,134400
20240115,11:08:11,1.75,50,134400
20240115,11:08:24,1.75,50,134400
20240115,11:08:56,1.8,250,134250
20240115,11:10:14,1.75,50,134250
20240115,11:10:15,1.75,50,134250
20240115,11:10:46,1.8,50,134250
20240115,11:11:07,1.75,50,134250
20240115,11:11:32,1.75,50,134250
20240115,11:13:35,1.75,50,134250
20240115,11:14:07,1.8,450,134250
20240115,11:16:28,1.8,800,134250
20240115,11:16:30,1.8,50,134250
20240115,11:16:41,1.8,50,134250
20240115,11:17:08,1.8,50,134250
20240115,11:17:30,1.8,50,134250
20240115,11:18:13,1.9,250,133550
20240115,11:18:18,1.9,1050,133550
20240115,11:18:19,1.85,50,133550
20240115,11:18:23,1.9,150,133550
20240115,11:19:03,1.9,50,133550
20240115,11:19:39,1.85,250,133550
20240115,11:20:01,1.85,300,133550
20240115,11:20:06,1.85,700,133550
20240115,11:20:07,1.85,350,133550
20240115,11:20:11,1.9,1800,133550
20240115,11:20:54,1.9,1000,134200
20240115,11:20:56,1.9,250,134200
20240115,11:20:58,1.9,500,134200
20240115,11:20:59,1.9,250,134200
20240115,11:21:02,1.95,50,134200
20240115,11:21:19,1.9,550,134200
20240115,11:21:49,1.9,50,134200
20240115,11:25:00,1.95,950,133050
20240115,11:25:51,1.95,100,133050
20240115,11:25:59,1.95,100,133050
20240115,11:29:56,1.9,1000,132300
20240115,11:31:01,1.95,100,132300
20240115,11:33:13,1.9,100,132300
20240115,11:35:00,1.95,300,131400
20240115,11:35:38,1.95,1150,131400
20240115,11:36:06,1.9,5000,132750
20240115,11:36:10,1.9,200,132750
20240115,11:36:12,1.9,100,132750
20240115,11:36:31,1.9,3750,132750
20240115,11:36:33,1.9,100,132750
20240115,11:36:34,1.9,50,132750
20240115,11:36:35,1.9,50,132750
20240115,11:36:36,1.9,50,132750
20240115,11:36:37,1.9,50,132750
20240115,11:36:57,1.9,1800,132750
20240115,11:37:15,1.9,100,132750
20240115,11:37:16,1.9,50,132750
20240115,11:37:17,1.9,100,132750
20240115,11:37:18,1.9,100,132750
20240115,11:37:19,1.9,100,132750
20240115,11:37:20,1.9,100,132750
20240115,11:37:21,1.9,100,132750
20240115,11:37:45,1.95,2000,132750
20240115,11:38:26,1.95,50,132750
20240115,11:42:31,1.9,50,132750
20240115,11:42:59,1.95,300,139300
20240115,11:45:29,1.85,150,139300
20240115,11:45:58,1.95,100,139300
20240115,11:46:11,1.85,1150,139300
20240115,11:48:32,1.85,100,139300
20240115,11:48:35,1.85,200,139300
20240115,11:54:11,1.9,1000,139000
20240115,11:55:11,1.9,100,139000
20240115,11:56:02,1.9,50,139000
20240115,11:56:24,1.9,50,139000
20240115,11:56:42,1.85,50,139000
20240115,11:59:08,1.9,250,139000
20240115,11:59:21,1.95,2200,138850
20240115,11:59:24,2.0,1850,138850
20240115,11:59:25,1.95,50,138850
20240115,11:59:29,2.0,350,138850
20240115,11:59:31,2.0,150,138850
20240115,11:59:44,1.95,50,138850
20240115,11:59:58,2.05,50,138850
20240115,12:00:01,2.0,2450,138900
20240115,12:00:02,2.05,1900,138900
20240115,12:00:07,2.0,50,138900
20240115,12:00:17,2.0,50,138900
20240115,12:00:27,2.05,50,138900
20240115,12:01:31,2.0,50,138900
20240115,12:02:00,2.05,100,138900
20240115,12:02:11,1.95,50,138900
20240115,12:02:36,2.0,1800,138900
20240115,12:03:00,2.0,100,138900
20240115,12:03:01,2.0,50,141200
20240115,12:04:19,2.0,1800,141200
20240115,12:04:20,2.0,200,141200
20240115,12:04:44,2.0,1800,141200
20240115,12:04:46,2.0,200,141200
20240115,12:08:13,1.95,50,138950
20240115,12:10:42,2.05,50,138950
20240115,12:10:50,2.05,50,138900
20240115,12:11:13,2.05,50,138900
20240115,12:15:06,2.05,200,138900
20240115,12:15:48,2.05,350,138900
20240115,12:16:03,2.05,50,138900
20240115,12:16:29,2.0,350,138900
20240115,12:16:30,2.0,250,138900
20240115,12:17:02,2.05,150,138900
20240115,12:17:32,2.05,750,138900
20240115,12:17:35,2.05,350,138900
20240115,12:18:51,2.05,350,138900
20240115,12:19:14,2.1,350,138850
20240115,12:19:43,2.05,50,138850
20240115,12:20:11,2.15,1800,138850
20240115,12:20:28,2.1,100,138850
20240115,12:20:33,2.05,50,138850
20240115,12:21:29,2.05,800,138850
20240115,12:21:30,2.05,250,139200
20240115,12:24:21,2.1,4600,138150
20240115,12:25:11,2.05,400,138150
20240115,12:25:16,2.1,100,138150
20240115,12:26:52,2.05,50,138150
20240115,12:27:01,2.1,100,141600
20240115,12:27:24,2.1,250,141600
20240115,12:32:17,2.05,50,141650
20240115,12:34:30,2.15,800,141600
20240115,12:34:36,2.1,1850,141600
20240115,12:34:41,2.1,50,141600
20240115,12:35:03,2.1,50,141600
20240115,12:35:43,2.1,50,141600
20240115,12:36:04,2.05,300,141600
20240115,12:36:41,2.1,100,141600
20240115,12:37:07,2.05,100,141600
20240115,12:37:35,2.05,3150,141600
20240115,12:37:39,2.05,100,141600
20240115,12:37:41,2.05,250,141600
20240115,12:37:43,2.05,1600,141600
20240115,12:37:44,2.05,2600,141600
20240115,12:37:45,2.0,1300,141600
20240115,12:37:46,2.05,450,141600
20240115,12:37:59,2.0,1800,141600
20240115,12:40:09,2.05,300,141600
20240115,12:42:03,2.05,50,147250
20240115,12:42:11,2.05,50,147250
20240115,12:42:23,2.05,50,147250
20240115,12:42:59,2.05,50,147250
20240115,12:42:59,2.0,200,147250
20240115,12:46:03,2.0,100,147250
20240115,12:46:19,2.0,150,147250
20240115,12:47:09,2.0,1000,147250
20240115,12:49:26,2.0,50,147250
20240115,12:54:34,2.0,1000,147450
20240115,12:54:44,2.05,250,147450
20240115,12:55:26,2.0,200,147450
20240115,12:55:31,2.0,600,147450
20240115,12:55:49,2.0,400,147450
20240115,13:00:12,2.05,50,148550
20240115,13:03:32,2.05,50,148550
20240115,13:03:35,2.05,800,148550
20240115,13:03:38,2.05,1800,148550
20240115,13:04:37,2.1,50,148550
20240115,13:04:52,2.1,50,148550
20240115,13:05:19,2.1,50,148550
20240115,13:05:57,2.1,450,148550
20240115,13:06:04,2.1,1400,148550
20240115,13:06:04,2.1,400,147900
20240115,13:11:44,2.1,100,145950
20240115,13:14:47,2.15,200,145950
20240115,13:15:21,2.15,50,145950
20240115,13:16:06,2.15,1250,145950
20240115,13:18:20,2.25,2300,144950
20240115,13:19:00,2.2,4300,144950
20240115,13:19:00,2.2,450,144950
20240115,13:19:22,2.2,50,144950
20240115,13:19:34,2.15,150,144950
20240115,13:21:14,2.2,50,150100
20240115,13:21:15,2.15,150,150100
20240115,13:24:02,2.2,2250,150100
20240115,13:24:02,2.2,250,150050
20240115,13:25:00,2.2,1100,150050
20240115,13:25:45,2.15,250,150050
20240115,13:26:28,2.2,250,150050
20240115,13:27:58,2.2,100,153350
20240115,13:28:15,2.2,150,153350
20240115,13:28:25,2.2,500,153350
20240115,13:29:01,2.2,500,153350
20240115,13:29:32,2.2,300,153350
20240115,13:29:33,2.2,50,153350
20240115,13:30:12,2.2,50,153150
20240115,13:30:36,2.2,350,153150
20240115,13:30:45,2.2,250,153150
20240115,13:31:15,2.2,300,153150
20240115,13:31:44,2.15,50,153150
20240115,13:32:35,2.2,50,153150
20240115,13:33:08,2.2,1800,152800
20240115,13:33:18,2.2,50,152800
20240115,13:36:33,2.2,50,152750
20240115,13:37:42,2.2,50,152750
20240115,13:37:45,2.2,50,152750
20240115,13:38:02,2.2,50,152750
20240115,13:38:04,2.15,50,152750
20240115,13:38:17,2.2,50,152750
20240115,13:38:35,2.15,50,152750
20240115,13:38:47,2.2,50,152750
20240115,13:39:24,2.2,50,152750
20240115,13:39:49,2.2,250,152600
20240115,13:39:51,2.2,50,152600
20240115,13:39:52,2.2,50,152600
20240115,13:39:59,2.2,50,152600
20240115,13:40:00,2.15,250,152600
20240115,13:40:32,2.2,50,152600
20240115,13:41:23,2.2,100,152600
20240115,13:41:49,2.2,300,152600
20240115,13:44:05,2.2,250,152350
20240115,13:44:13,2.2,400,152350
20240115,13:44:35,2.2,200,152350
20240115,13:45:11,2.2,350,152350
20240115,13:45:34,2.2,50,151900
20240115,13:45:41,2.2,50,151900
20240115,13:45:46,2.2,50,151900
20240115,13:46:38,2.2,50,151900
20240115,13:46:39,2.15,50,151900
20240115,13:48:14,2.2,250,151800
20240115,13:48:15,2.2,150,151800
20240115,13:48:16,2.15,100,151800
20240115,13:48:20,2.2,1800,151800
20240115,13:49:05,2.25,50,151800
20240115,13:50:45,2.2,50,151800
20240115,13:51:01,2.2,1800,151800
20240115,13:52:10,2.2,50,151900
20240115,13:53:41,2.25,50,151900
20240115,13:53:42,2.25,50,151900
20240115,13:53:43,2.25,100,151900
20240115,13:53:44,2.25,150,151900
20240115,13:53:45,2.25,150,151900
20240115,13:53:46,2.25,150,151900
20240115,13:53:47,2.25,150,151900
20240115,13:53:48,2.25,100,151900
20240115,13:53:49,2.25,150,151900
20240115,13:54:03,2.25,500,151900
20240115,13:55:25,2.2,50,152050
20240115,13:55:40,2.2,50,152050
20240115,13:55:47,2.2,50,152050
20240115,13:55:57,2.2,50,152050
20240115,13:56:05,2.2,50,152050
20240115,13:56:18,2.2,50,152050
20240115,13:56:43,2.2,50,152050
20240115,13:56:54,2.2,50,152050
20240115,13:57:33,2.25,50,152400
20240115,13:57:41,2.25,1000,152400
20240115,13:57:42,2.25,50,152400
20240115,13:57:43,2.25,50,152400
20240115,13:57:50,2.25,50,152400
20240115,13:57:53,2.25,50,152400
20240115,13:57:54,2.25,50,152400
20240115,13:58:11,2.3,400,152400
20240115,13:58:21,2.3,50,152400
20240115,13:58:32,2.25,800,152400
20240115,13:59:30,2.25,50,152400
20240115,14:00:36,2.25,800,152750
20240115,14:00:48,2.25,1800,152750
20240115,14:00:50,2.25,1800,152750
20240115,14:01:10,2.25,1300,152750
20240115,14:01:22,2.2,1800,152750
20240115,14:01:28,2.3,100,152750
20240115,14:01:43,2.2,100,152750
20240115,14:01:56,2.25,100,152750
20240115,14:02:08,2.25,250,152750
20240115,14:04:32,2.25,350,152750
20240115,14:04:33,2.25,250,155600
20240115,14:04:37,2.25,250,155600
20240115,14:06:08,2.35,400,154750
20240115,14:06:33,2.35,150,154750
20240115,14:07:28,2.35,1550,154750
20240115,14:07:29,2.35,250,154750
20240115,14:07:34,2.35,300,154750
20240115,14:07:45,2.4,50,154750
20240115,14:08:49,2.4,1500,154750
20240115,14:09:04,2.45,1000,154750
20240115,14:09:57,2.45,250,156350
20240115,14:10:03,2.45,300,156350
20240115,14:10:57,2.45,1250,156350
20240115,14:14:03,2.45,50,157850
20240115,14:14:09,2.45,400,157850
20240115,14:14:16,2.45,50,157850
20240115,14:14:22,2.45,50,157850
20240115,14:14:30,2.45,50,157850
20240115,14:14:31,2.4,100,157850
20240115,14:14:35,2.45,500,157850
20240115,14:14:36,2.45,500,157850
20240115,14:15:32,2.4,50,157950
20240115,14:17:29,2.4,1000,157950
20240115,14:17:35,2.4,150,157950
20240115,14:18:04,2.4,250,157950
20240115,14:18:48,2.4,250,157500
20240115,14:18:56,2.45,150,157500
20240115,14:18:59,2.45,100,157500
20240115,14:20:58,2.4,250,157500
20240115,14:21:09,2.4,200,157500
20240115,14:21:36,2.4,1050,157500
20240115,14:23:04,2.35,150,157500
20240115,14:23:17,2.4,50,157500
20240115,14:24:42,2.4,50,157450
20240115,14:24:45,2.35,100,157450
20240115,14:25:07,2.4,50,157450
20240115,14:25:15,2.35,100,157450
20240115,14:25:16,2.35,50,157450
20240115,14:25:17,2.35,150,157450
20240115,14:25:18,2.35,300,157450
20240115,14:25:19,2.35,300,157450
20240115,14:25:20,2.35,250,157450
20240115,14:25:21,2.35,300,157450
20240115,14:25:22,2.35,250,157450
20240115,14:25:23,2.35,300,157450
20240115,14:25:24,2.35,200,157450
20240115,14:25:25,2.35,150,157450
20240115,14:25:26,2.35,100,157450
20240115,14:25:27,2.35,50,157450
20240115,14:25:28,2.35,450,157450
20240115,14:27:41,2.45,50,157450
20240115,14:28:27,2.4,250,156750
20240115,14:29:57,2.45,50,156750
20240115,14:30:52,2.4,50,156750
20240115,14:31:57,2.45,50,157050
20240115,14:33:24,2.4,50,157050
20240115,14:35:46,2.4,250,157100
20240115,14:36:02,2.4,50,157100
20240115,14:36:08,2.4,50,157100
20240115,14:36:19,2.4,50,157200
20240115,14:36:30,2.4,50,157200
20240115,14:37:01,2.45,500,157200
20240115,14:38:19,2.45,50,157200
20240115,14:38:58,2.4,50,157200
20240115,14:39:08,2.4,50,157200
20240115,14:40:40,2.4,150,157300
20240115,14:43:20,2.4,200,157300
20240115,14:44:06,2.4,50,157300
20240115,14:46:15,2.45,100,157300
20240115,14:47:05,2.45,250,157500
20240115,14:47:17,2.45,1200,157500
20240115,14:47:30,2.45,1400,157500
20240115,14:48:00,2.4,50,157500
20240115,14:51:15,2.45,50,157450
20240115,14:51:23,2.45,250,157450
20240115,14:52:07,2.45,300,157450
20240115,14:52:54,2.4,100,157450
20240115,14:53:04,2.45,250,157450
20240115,14:53:34,2.45,250,157450
20240115,14:54:12,2.45,250,157450
20240115,14:55:28,2.45,50,157500
20240115,14:55:46,2.45,500,157500
20240115,14:55:55,2.45,300,157500
20240115,14:56:39,2.45,5000,157500
20240115,14:57:00,2.45,100,157500
20240115,14:57:54,2.45,50,153750
20240115,14:58:24,2.45,50,153750
20240115,14:58:33,2.45,250,153750
20240115,14:58:37,2.45,50,153750
20240115,14:59:03,2.45,50,153750
20240115,14:59:35,2.45,1000,153750
20240115,14:59:40,2.45,150,153750
20240115,14:59:41,2.45,1000,153750
20240115,14:59:45,2.45,50,153750
20240115,14:59:50,2.45,1100,153750
20240115,14:59:52,2.45,50,153750
20240115,15:00:03,2.45,150,153750
20240115,15:00:08,2.45,50,153750
20240115,15:01:06,2.45,250,150100
20240115,15:01:19,2.45,1800,150100
20240115,15:01:27,2.45,1300,150100
20240115,15:01:38,2.45,50,150100
20240115,15:01:42,2.45,50,150100
20240115,15:01:59,2.45,50,150100
20240115,15:02:03,2.45,50,150100
20240115,15:02:05,2.45,250,150100
20240115,15:02:12,2.45,50,150100
20240115,15:02:17,2.45,50,150100
20240115,15:02:23,2.45,50,150100
20240115,15:02:25,2.45,50,150100
20240115,15:02:33,2.45,50,150100
20240115,15:02:43,2.45,50,150100
20240115,15:02:58,2.45,250,150100
20240115,15:03:09,2.4,1000,150100
20240115,15:03:21,2.4,100,149400
20240115,15:03:39,2.4,950,149400
20240115,15:03:49,2.4,600,149400
20240115,15:04:01,2.4,250,149400
20240115,15:04:19,2.4,250,149400
20240115,15:04:48,2.35,50,149400
20240115,15:05:00,2.35,100,149400
20240115,15:05:01,2.35,1150,149400
20240115,15:05:02,2.35,300,149400
20240115,15:05:12,2.35,450,149400
20240115,15:05:14,2.35,50,149400
20240115,15:05:15,2.35,50,149400
20240115,15:05:16,2.35,250,149400
20240115,15:05:19,2.35,50,149400
20240115,15:05:23,2.35,1950,149400
20240115,15:05:41,2.35,250,149400
20240115,15:05:52,2.35,350,149400
20240115,15:05:53,2.35,250,149400
20240115,15:05:54,2.35,1250,149400
20240115,15:05:55,2.35,600,149400
20240115,15:06:22,2.4,250,149400
20240115,15:06:30,2.4,1800,149350
20240115,15:09:18,2.35,100,149100
20240115,15:10:25,2.45,100,149100
20240115,15:10:55,2.45,5000,149100
20240115,15:10:58,2.4,250,149100
20240115,15:10:59,2.4,250,149100
20240115,15:11:03,2.45,3550,149100
20240115,15:11:04,2.45,250,149100
20240115,15:11:05,2.45,250,149100
20240115,15:11:06,2.45,500,149100
20240115,15:11:07,2.45,450,149100
20240115,15:11:12,2.45,2600,149100
20240115,15:11:14,2.45,500,149100
20240115,15:11:15,2.45,750,149100
20240115,15:11:16,2.45,400,149100
20240115,15:11:19,2.45,50,149100
20240115,15:11:29,2.45,100,149100
20240115,15:11:29,2.45,1400,149100
20240115,15:12:15,2.45,50,149100
20240115,15:12:19,2.45,50,149100
20240115,15:13:00,2.45,250,140800
20240115,15:14:00,2.45,50,140800
20240115,15:14:01,2.45,250,140800
20240115,15:14:02,2.45,100,140800
20240115,15:14:03,2.45,300,140800
20240115,15:14:24,2.45,250,140800
20240115,15:15:02,2.45,150,140800
20240115,15:15:03,2.45,450,140800
20240115,15:16:01,2.45,50,139000
20240115,15:16:40,2.45,300,139000
20240115,15:17:05,2.5,3200,139000
20240115,15:17:34,2.5,1800,139000
20240115,15:17:34,2.45,1800,139000
20240115,15:17:36,2.45,500,139000
20240115,15:17:50,2.45,250,139000
20240115,15:18:02,2.45,100,139000
20240115,15:18:14,2.45,300,139000
20240115,15:18:49,2.45,350,137250
20240115,15:18:53,2.45,250,137250
20240115,15:18:56,2.45,250,137250
20240115,15:19:18,2.45,100,137250
20240115,15:19:19,2.45,100,137250
20240115,15:19:22,2.45,1500,137250
20240115,15:19:26,2.45,500,137250
20240115,15:19:34,2.45,50,137250
20240115,15:19:35,2.45,50,137250
20240115,15:19:36,2.45,50,137250
20240115,15:19:37,2.45,50,137250
20240115,15:19:44,2.45,50,137250
20240115,15:19:47,2.45,400,137250
20240115,15:19:59,2.45,100,137250
20240115,15:20:01,2.4,50,137250
20240115,15:20:04,2.4,50,137250
20240115,15:20:06,2.4,50,137250
20240115,15:20:33,2.45,50,137250
20240115,15:20:48,2.45,50,137250
20240115,15:20:50,2.45,50,137250
20240115,15:20:52,2.4,50,137250
20240115,15:20:53,2.45,50,137250
20240115,15:20:58,2.45,50,137250
20240115,15:21:07,2.45,50,137250
20240115,15:21:13,2.45,50,137250
20240115,15:21:15,2.45,50,137250
20240115,15:21:22,2.45,50,136500
20240115,15:21:28,2.45,50,136500
20240115,15:21:31,2.45,50,136500
20240115,15:21:35,2.45,50,136500
20240115,15:21:45,2.45,50,136500
20240115,15:21:53,2.45,50,136500
20240115,15:22:01,2.45,50,136500
20240115,15:22:18,2.45,50,136500
20240115,15:22:23,2.45,250,136500
20240115,15:22:27,2.5,200,136500
20240115,15:22:37,2.5,1000,136500
20240115,15:22:55,2.55,2650,136500
20240115,15:22:57,2.55,450,136500
20240115,15:23:03,2.6,3650,136500
20240115,15:23:07,2.55,500,136500
20240115,15:23:10,2.55,200,136500
20240115,15:23:11,2.55,200,136500
20240115,15:23:12,2.55,200,136500
20240115,15:23:16,2.55,200,136500
20240115,15:23:24,2.6,50,136500
20240115,15:23:25,2.6,100,136500
20240115,15:23:44,2.6,2000,136500
20240115,15:24:04,2.55,50,136500
20240115,15:24:09,2.55,3600,136500
20240115,15:24:34,2.55,500,137500
20240115,15:24:35,2.55,1000,137500
20240115,15:24:36,2.55,1000,137500
20240115,15:24:37,2.55,900,137500
20240115,15:24:38,2.55,100,137500
20240115,15:24:40,2.55,50,137500
20240115,15:24:41,2.55,50,137500
20240115,15:24:42,2.5,150,137500
20240115,15:24:44,2.55,1800,137500
20240115,15:24:45,2.55,200,137500
20240115,15:25:00,2.55,700,137500
20240115,15:25:02,2.5,900,137500
20240115,15:25:14,2.55,700,137500
20240115,15:25:20,2.55,350,137500
20240115,15:25:27,2.55,400,137500
20240115,15:25:31,2.6,200,137500
20240115,15:25:45,2.65,50,137500
20240115,15:25:46,2.65,50,137500
20240115,15:25:51,2.6,100,137500
20240115,15:26:28,2.65,50,137500
20240115,15:26:30,2.7,100,137500
20240115,15:26:30,2.7,50,137500
20240115,15:26:31,2.75,300,137500
20240115,15:27:10,2.75,600,137500
20240115,15:27:11,2.75,500,137500
20240115,15:27:12,2.8,600,137500
20240115,15:27:13,2.8,250,137500
20240115,15:27:21,2.85,1300,137500
20240115,15:27:24,2.85,250,140350
20240115,15:27:39,2.8,500,140350
20240115,15:27:42,2.75,750,140350
20240115,15:27:43,2.75,1500,140350
20240115,15:28:05,2.75,100,140350
20240115,15:28:30,2.75,50,140350
20240115,15:28:32,2.75,50,140350
20240115,15:28:35,2.75,50,140350
20240115,15:28:37,2.75,50,140350
20240115,15:28:38,2.75,100,140350
20240115,15:28:44,2.75,150,140350
20240115,15:28:47,2.6,50,140350
20240115,15:28:53,2.75,150,140350
20240115,15:28:59,2.75,100,140350
20240115,15:29:09,2.75,200,140350
20240115,15:29:11,2.85,50,140350
20240115,15:29:16,2.85,50,140350
20240115,15:29:20,2.75,150,140350
20240115,15:29:21,2.7,600,140350
20240115,15:29:21,2.65,50,140350
20240115,15:29:30,2.6,100,140350
20240115,15:29:30,2.65,750,140350
20240115,15:29:52,2.3,50,140350
20240115,15:29:57,2.3,250,140350
20240116,09:15:05,2.35,1,140900
20240116,09:15:05,2.35,500,140900
20240116,09:15:05,1.1,4200,140900
20240116,09:15:06,2.5,5250,140900
20240116,09:15:07,2.5,600,140900
20240116,09:15:08,2.05,150,140900
20240116,09:15:09,1.85,250,140900
20240116,09:15:11,1.85,100,140900
20240116,09:15:11,2.4,1050,140900
20240116,09:15:12,1.7,850,140900
20240116,09:15:13,1.65,600,140900
20240116,09:15:14,1.6,50,140900
20240116,09:15:15,1.65,300,140900
20240116,09:15:17,1.8,550,140900
20240116,09:15:19,1.75,100,140900
20240116,09:15:21,1.8,350,140900
20240116,09:15:23,1.8,1300,140900
20240116,09:15:24,2.05,1500,140900
20240116,09:15:25,1.85,500,140900
20240116,09:15:26,1.85,300,140900
20240116,09:15:27,1.85,300,140900
20240116,09:15:31,1.85,600,140900
20240116,09:15:33,1.95,1300,140900
20240116,09:15:37,1.9,100,140900
20240116,09:15:40,1.9,50,140900
20240116,09:15:41,1.9,50,140900
20240116,09:15:47,1.9,1600,140900
20240116,09:15:49,1.9,50,140900
20240116,09:15:51,1.95,350,140900
20240116,09:15:58,1.9,250,140900
20240116,09:15:59,1.9,800,140900
20240116,09:16:00,1.9,300,140900
20240116,09:16:01,1.9,1000,140900
20240116,09:16:05,1.85,100,140900
20240116,09:16:27,1.9,250,140900
20240116,09:16:36,1.9,1100,140900
20240116,09:16:47,1.9,900,140900
20240116,09:17:11,1.9,700,140900
20240116,09:17:13,1.9,100,140900
20240116,09:17:14,1.9,250,140900
20240116,09:17:16,1.95,500,140900
20240116,09:17:18,1.95,500,140900
20240116,09:17:22,1.85,2700,140900
20240116,09:17:37,1.95,3000,142300
20240116,09:17:46,1.9,250,142300
20240116,09:17:51,1.9,300,142300
20240116,09:17:53,1.9,1800,142300
20240116,09:17:56,1.9,200,142300
20240116,09:18:03,1.9,250,142300
20240116,09:18:09,1.9,1500,142300
20240116,09:18:13,1.9,500,142300
20240116,09:18:23,1.95,450,142300
20240116,09:18:26,1.9,1800,142300
20240116,09:18:26,1.95,4600,142300
20240116,09:18:29,2.0,700,142300
20240116,09:18:31,1.95,600,142300
20240116,09:18:41,1.95,250,142300
20240116,09:19:03,2.0,350,142300
20240116,09:19:12,2.0,100,142300
20240116,09:19:17,2.0,100,142300
20240116,09:19:19,2.0,300,142300
20240116,09:19:23,2.05,100,142300
20240116,09:19:34,2.05,100,142300
20240116,09:19:39,2.05,100,142300
20240116,09:19:41,2.05,100,142300
20240116,09:20:00,2.05,100,142300
20240116,09:20:00,2.05,700,142300
20240116,09:20:20,2.05,1500,142300
20240116,09:20:34,2.1,3000,142300
20240116,09:20:39,2.0,1500,142800
20240116,09:20:59,2.1,500,142800
20240116,09:21:02,2.1,500,142800
20240116,09:21:40,2.1,900,142800
20240116,09:22:46,2.1,50,142800
20240116,09:23:02,2.1,100,142800
20240116,09:23:04,2.1,100,142800
20240116,09:23:05,2.1,100,142800
20240116,09:23:08,2.05,550,142800
20240116,09:23:11,2.05,400,142800
20240116,09:23:13,2.05,400,142800
20240116,09:23:16,2.05,400,142800
20240116,09:23:18,2.05,400,142800
20240116,09:23:21,2.05,400,142800
20240116,09:23:23,2.05,450,142800
20240116,09:23:33,2.0,100,142800
20240116,09:23:56,2.05,500,141000
20240116,09:24:21,2.05,250,141000
20240116,09:24:51,2.05,50,141000
20240116,09:25:35,2.0,150,141000
20240116,09:26:36,2.0,700,141000
20240116,09:26:46,2.0,450,140950
20240116,09:26:56,2.0,50,140950
20240116,09:28:00,2.0,50,140950
20240116,09:28:13,2.0,50,140950
20240116,09:28:14,2.05,100,140950
20240116,09:28:21,1.95,250,140950
20240116,09:28:23,2.0,250,140950
20240116,09:29:03,1.95,100,140950
20240116,09:29:32,1.9,500,141600
20240116,09:30:04,1.9,850,141600
20240116,09:30:41,1.85,1500,141600
20240116,09:30:45,1.9,350,141600
20240116,09:31:30,1.9,250,141600
20240116,09:31:38,1.85,50,141600
20240116,09:31:57,1.85,500,141600
20240116,09:32:01,1.9,850,141600
20240116,09:32:03,1.9,50,141600
20240116,09:32:35,1.95,150,141600
20240116,09:32:36,1.95,150,141100
20240116,09:32:38,1.95,150,141100
20240116,09:36:08,1.9,250,141100
20240116,09:37:49,1.95,250,141100
20240116,09:39:20,1.9,50,140850
20240116,09:39:30,1.9,50,140850
20240116,09:39:39,1.9,250,140850
20240116,09:39:46,1.9,500,140850
20240116,09:39:55,1.9,50,140850
20240116,09:39:56,1.9,1800,140850
20240116,09:40:03,1.9,50,140850
20240116,09:40:15,1.9,450,140850
20240116,09:40:18,1.9,250,140850
20240116,09:41:26,1.95,50,140850
20240116,09:41:44,1.9,600,141800
20240116,09:41:52,1.95,50,141800
20240116,09:41:53,1.9,250,141800
20240116,09:42:09,1.9,250,141800
20240116,09:42:10,1.9,600,141800
20240116,09:42:13,1.9,550,141800
20240116,09:44:28,1.95,250,141800
20240116,09:44:45,1.9,50,141800
20240116,09:46:44,1.95,50,142600
20240116,09:46:46,1.95,50,142600
20240116,09:48:24,1.95,250,142550
20240116,09:48:28,1.95,250,142550
20240116,09:48:52,1.9,100,142550
20240116,09:49:09,2.0,250,142550
20240116,09:49:59,1.95,250,142550
20240116,09:50:38,2.0,250,142550
20240116,09:51:15,2.0,250,143450
20240116,09:51:18,2.0,1000,143450
20240116,09:51:38,2.05,50,143450
20240116,09:52:02,2.05,50,143450
20240116,09:52:35,2.05,50,143450
20240116,09:52:42,2.0,200,143450
20240116,09:52:51,2.0,200,143450
20240116,09:52:52,2.05,50,143450
20240116,09:53:01,2.0,200,143450
20240116,09:53:13,2.05,400,143450
20240116,09:53:23,2.05,50,143450
20240116,09:53:28,2.05,1000,143450
20240116,09:53:29,2.05,1850,143450
20240116,09:54:11,2.1,50,141150
20240116,09:54:16,2.1,50,141150
20240116,09:54:21,2.1,50,141150
20240116,09:54:23,2.1,50,141150
20240116,09:54:26,2.1,50,141150
20240116,09:54:29,2.1,1200,141150
20240116,09:54:30,2.1,250,141150
20240116,09:55:08,2.1,50,141150
20240116,09:56:16,2.1,250,141150
20240116,09:56:17,2.1,1000,141150
20240116,09:56:42,2.05,900,140200
20240116,10:01:07,2.0,250,140200
20240116,10:02:13,2.0,250,139700
20240116,10:02:25,2.05,200,139700
20240116,10:02:34,2.05,250,139700
20240116,10:03:16,2.0,50,139650
20240116,10:03:26,2.0,50,139650
20240116,10:03:30,2.0,50,139650
20240116,10:03:31,2.0,50,139650
20240116,10:03:48,2.0,50,139650
20240116,10:04:02,2.05,500,139650
20240116,10:07:19,2.1,50,139650
20240116,10:12:00,2.0,1100,140400
20240116,10:14:12,2.1,400,140450
20240116,10:14:31,2.1,100,140450
20240116,10:14:50,2.1,250,140850
20240116,10:14:51,2.1,50,140850
20240116,10:14:54,2.1,300,140850
20240116,10:14:56,2.1,1200,140850
20240116,10:16:27,2.15,50,140850
20240116,10:17:04,2.15,50,140850
20240116,10:17:44,2.1,250,142750
20240116,10:17:50,2.15,50,142750
20240116,10:18:54,2.15,100,142750
20240116,10:19:09,2.1,50,142750
20240116,10:20:28,2.15,50,142750
20240116,10:20:56,2.15,50,142750
20240116,10:21:16,2.15,50,142550
20240116,10:21:38,2.15,400,142550
20240116,10:21:39,2.15,800,142550
20240116,10:21:58,2.2,600,142550
20240116,10:22:18,2.2,50,142550
20240116,10:22:19,2.2,50,142550
20240116,10:22:21,2.25,550,142550
20240116,10:22:37,2.25,900,142550
20240116,10:22:49,2.25,250,142550
20240116,10:22:53,2.2,50,142550
20240116,10:23:08,2.2,900,142550
20240116,10:23:09,2.2,300,142550
20240116,10:24:20,2.2,250,142550
20240116,10:24:25,2.25,50,144500
20240116,10:25:27,2.2,50,144500
20240116,10:28:12,2.2,1600,144550
20240116,10:28:59,2.2,1200,144550
20240116,10:29:02,2.2,250,144550
20240116,10:29:49,2.2,1200,145600
20240116,10:29:58,2.2,50,145600
20240116,10:30:35,2.2,1500,145600
20240116,10:30:54,2.15,1500,145600
20240116,10:31:08,2.2,50,145600
20240116,10:32:18,2.2,250,145600
20240116,10:32:26,2.2,1300,145600
20240116,10:36:33,2.25,50,144250
20240116,10:37:24,2.2,50,144250
20240116,10:37:31,2.2,100,144250
20240116,10:39:02,2.2,50,144250
20240116,10:39:56,2.3,800,144350
20240116,10:39:57,2.2,50,144350
20240116,10:40:21,2.3,300,144350
20240116,10:40:28,2.3,1800,144350
20240116,10:40:31,2.3,1200,144350
20240116,10:40:51,2.3,100,144350
20240116,10:41:31,2.35,100,144350
20240116,10:42:23,2.35,1000,148300
20240116,10:42:33,2.3,50,148300
20240116,10:42:44,2.35,250,148300
20240116,10:42:46,2.35,50,148300
20240116,10:43:04,2.35,100,148300
20240116,10:43:18,2.35,50,148300
20240116,10:44:33,2.3,150,148300
20240116,10:44:34,2.35,500,148300
20240116,10:45:10,2.3,1400,148300
20240116,10:45:13,2.3,1000,148450
20240116,10:45:22,2.3,1400,148450
20240116,10:45:27,2.3,1000,148450
20240116,10:46:38,2.35,1800,148450
20240116,10:46:40,2.35,900,148450
20240116,10:46:42,2.35,50,148450
20240116,10:46:45,2.35,50,148450
20240116,10:48:00,2.4,2100,144150
20240116,10:48:19,2.4,50,144150
20240116,10:49:05,2.4,50,144150
20240116,10:49:10,2.4,1100,144150
20240116,10:49:47,2.4,1800,144150
20240116,10:50:52,2.4,1800,142550
20240116,10:50:54,2.45,400,142550
20240116,10:51:07,2.4,450,142550
20240116,10:51:50,2.4,150,142550
20240116,10:53:31,2.4,1800,142550
20240116,10:54:07,2.45,500,142550
20240116,10:54:23,2.4,800,141200
20240116,10:54:44,2.4,200,141200
20240116,10:54:53,2.4,1800,141200
20240116,10:55:12,2.4,250,141200
20240116,10:55:18,2.4,50,141200
20240116,10:56:54,2.45,600,142000
20240116,10:56:55,2.45,2200,142000
20240116,10:56:56,2.45,3800,142000
20240116,10:56:57,2.45,1000,142000
20240116,10:57:28,2.4,50,142000
20240116,10:57:33,2.4,50,142000
20240116,10:57:38,2.4,250,142000
20240116,10:57:45,2.4,50,142000
20240116,10:57:59,2.35,100,142000
20240116,10:58:00,2.4,900,142000
20240116,10:58:41,2.35,1800,142000
20240116,10:59:05,2.4,1800,142000
20240116,10:59:06,2.4,3200,142000
20240116,10:59:07,2.35,500,142000
20240116,10:59:44,2.35,100,142000
20240116,11:00:37,2.35,200,142000
20240116,11:01:34,2.35,100,140100
20240116,11:02:43,2.4,50,140100
20240116,11:02:56,2.4,50,140100
20240116,11:03:01,2.4,300,140100
20240116,11:03:41,2.4,350,140100
20240116,11:03:54,2.4,100,140100
20240116,11:03:55,2.35,1200,140100
20240116,11:04:21,2.35,100,140100
20240116,11:04:28,2.4,50,140100
20240116,11:05:41,2.4,250,140100
20240116,11:06:03,2.4,50,139950
20240116,11:06:54,2.4,2600,139950
20240116,11:06:57,2.4,650,139950
20240116,11:07:42,2.4,550,139950
20240116,11:08:05,2.35,150,139950
20240116,11:08:26,2.35,1000,139950
20240116,11:09:05,2.4,500,139950
20240116,11:09:46,2.4,100,142750
20240116,11:09:47,2.4,600,142750
20240116,11:09:59,2.4,150,142750
20240116,11:10:23,2.4,500,142750
20240116,11:10:32,2.4,500,142750
20240116,11:11:49,2.4,650,145100
20240116,11:11:51,2.35,50,145100
20240116,11:12:25,2.4,600,145100
20240116,11:12:26,2.4,450,145100
20240116,11:12:35,2.4,50,145100
20240116,11:12:40,2.4,500,145100
20240116,11:12:48,2.4,1450,145100
20240116,11:13:26,2.4,250,145100
20240116,11:13:33,2.45,250,145100
20240116,11:13:41,2.4,1000,145100
20240116,11:13:42,2.4,250,145100
20240116,11:13:57,2.4,1800,145100
20240116,11:14:00,2.4,300,145100
20240116,11:14:03,2.45,50,145100
20240116,11:14:07,2.4,500,145100
20240116,11:14:08,2.4,50,145100
20240116,11:14:09,2.4,50,145100
20240116,11:14:12,2.4,50,145100
20240116,11:14:13,2.4,300,145100
20240116,11:14:29,2.4,250,145100
20240116,11:14:40,2.4,8550,145100
20240116,11:14:41,2.4,1000,145100
20240116,11:14:55,2.45,850,147200
20240116,11:14:57,2.4,1800,147200
20240116,11:15:00,2.45,750,147200
20240116,11:15:03,2.4,300,147200
20240116,11:15:05,2.4,2050,147200
20240116,11:15:06,2.4,950,147200
20240116,11:15:08,2.45,650,147200
20240116,11:15:08,2.4,2050,147200
20240116,11:15:13,2.4,300,147200
20240116,11:15:15,2.4,300,147200
20240116,11:15:22,2.4,2100,147200
20240116,11:15:49,2.4,50,147200
20240116,11:15:55,2.4,50,147200
20240116,11:16:00,2.4,350,147200
20240116,11:16:06,2.45,800,147200
20240116,11:16:07,2.45,3000,147200
20240116,11:16:09,2.4,2000,147200
20240116,11:16:15,2.4,1000,147200
20240116,11:16:18,2.4,50,147200
20240116,11:16:33,2.4,1000,147200
20240116,11:16:36,2.4,1050,147200
20240116,11:16:42,2.4,250,147200
20240116,11:16:59,2.4,1800,147200
20240116,11:17:00,2.4,1800,147200
20240116,11:17:17,2.4,250,147200
20240116,11:17:17,2.4,50,147200
20240116,11:17:36,2.35,450,147200
20240116,11:17:36,2.35,2300,147200
20240116,11:17:51,2.35,100,148950
20240116,11:17:55,2.35,1800,148950
20240116,11:17:56,2.35,500,148950
20240116,11:17:57,2.35,50,148950
20240116,11:17:58,2.35,50,148950
20240116,11:17:59,2.35,550,148950
20240116,11:18:04,2.35,50,148950
20240116,11:18:14,2.35,500,148950
20240116,11:18:37,2.3,1800,148950
20240116,11:18:38,2.3,950,148950
20240116,11:19:26,2.25,1800,148950
20240116,11:19:39,2.25,450,148950
20240116,11:19:41,2.25,100,148950
20240116,11:19:46,2.25,850,148950
20240116,11:20:00,2.25,2050,148950
20240116,11:20:01,2.25,150,148950
20240116,11:20:17,2.25,1350,148950
20240116,11:20:19,2.25,250,148950
20240116,11:20:19,2.25,100,148950
20240116,11:20:22,2.25,50,148950
20240116,11:20:34,2.25,50,148950
20240116,11:20:50,2.25,350,151250
20240116,11:21:12,2.25,250,151250
20240116,11:21:13,2.25,1250,151250
20240116,11:21:20,2.25,250,151250
20240116,11:21:24,2.25,500,151250
20240116,11:21:25,2.25,1700,151250
20240116,11:21:27,2.25,100,151250
20240116,11:21:42,2.2,50,151250
20240116,11:21:51,2.3,150,151250
20240116,11:22:06,2.3,500,151250
20240116,11:22:28,2.3,350,151250
20240116,11:23:18,2.3,2000,151250
20240116,11:23:44,2.3,200,151250
20240116,11:24:06,2.3,500,154450
20240116,11:24:09,2.3,500,154450
20240116,11:24:10,2.3,300,154450
20240116,11:24:40,2.35,1500,154450
20240116,11:24:41,2.3,100,154450
20240116,11:24:44,2.3,50,154450
20240116,11:25:06,2.35,100,154450
20240116,11:25:13,2.3,250,154450
20240116,11:25:51,2.3,100,154450
20240116,11:26:02,2.35,600,154450
20240116,11:26:03,2.3,50,154450
20240116,11:26:05,2.3,250,154450
20240116,11:26:19,2.3,600,154450
20240116,11:26:24,2.3,500,154450
20240116,11:26:32,2.3,300,154450
20240116,11:26:53,2.3,150,154450
20240116,11:27:10,2.25,350,153550
20240116,11:27:24,2.25,50,153550
20240116,11:27:42,2.25,50,153550
20240116,11:27:42,2.25,100,153550
20240116,11:27:52,2.25,900,153550
20240116,11:29:39,2.2,100,153550
20240116,11:30:10,2.25,250,153550
20240116,11:30:11,2.25,250,154250
20240116,11:30:13,2.2,200,154250
20240116,11:30:48,2.25,250,154250
20240116,11:30:50,2.2,500,154250
20240116,11:30:51,2.25,250,154250
20240116,11:30:52,2.2,250,154250
20240116,11:30:54,2.25,250,154250
20240116,11:30:54,2.2,500,154250
20240116,11:30:55,2.25,500,154250
20240116,11:30:56,2.2,750,154250
20240116,11:30:57,2.25,250,154250
20240116,11:31:13,2.2,1800,154250
20240116,11:32:11,2.25,250,154250
20240116,11:32:29,2.25,250,154250
20240116,11:33:50,2.25,150,154250
20240116,11:34:37,2.2,50,154750
20240116,11:34:50,2.25,250,154750
20240116,11:35:00,2.25,250,154750
20240116,11:35:01,2.25,150,154750
20240116,11:36:21,2.2,50,155550
20240116,11:37:05,2.25,50,155550
20240116,11:37:08,2.25,250,155550
20240116,11:37:22,2.25,100,155550
20240116,11:37:29,2.25,100,155550
20240116,11:37:48,2.25,50,155550
20240116,11:38:37,2.25,100,155550
20240116,11:38:43,2.25,50,155550
20240116,11:38:46,2.25,250,155550
20240116,11:38:52,2.25,50,156350
20240116,11:39:04,2.25,50,156350
20240116,11:39:11,2.25,50,156350
20240116,11:39:18,2.25,250,156350
20240116,11:39:19,2.25,250,156350
20240116,11:39:22,2.25,450,156350
20240116,11:39:43,2.25,50,156350
20240116,11:39:51,2.25,50,156350
20240116,11:40:00,2.25,50,156350
20240116,11:40:17,2.25,250,156350
20240116,11:40:20,2.25,50,156350
20240116,11:40:49,2.25,50,156350
20240116,11:41:31,2.25,250,156350
20240116,11:41:40,2.25,200,156350
20240116,11:41:42,2.25,50,156350
20240116,11:41:50,2.25,50,156350
20240116,11:41:54,2.25,50,158000
20240116,11:42:03,2.25,250,158000
20240116,11:42:25,2.25,250,158000
20240116,11:43:03,2.2,50,158000
20240116,11:43:29,2.2,200,158000
20240116,11:45:53,2.3,50,158000
20240116,11:46:14,2.2,150,158300
20240116,11:46:20,2.2,100,158300
20240116,11:46:21,2.2,100,158300
20240116,11:46:22,2.2,150,158300
20240116,11:46:59,2.3,1400,158300
20240116,11:47:34,2.2,50,158300
20240116,11:47:47,2.2,50,158300
20240116,11:47:48,2.2,50,158300
20240116,11:47:51,2.2,100,159200
20240116,11:47:58,2.2,50,159200
20240116,11:48:01,2.2,50,159200
20240116,11:48:02,2.2,50,159200
20240116,11:48:13,2.2,1900,159200
20240116,11:48:21,2.2,50,159200
20240116,11:48:42,2.2,100,159200
20240116,11:48:44,2.25,400,159200
20240116,11:48:56,2.2,50,159200
20240116,11:50:40,2.2,50,159200
20240116,11:50:51,2.2,1800,159550
20240116,11:52:10,2.2,50,159550
20240116,11:53:24,2.25,50,159550
20240116,11:54:05,2.2,50,159550
20240116,11:54:25,2.2,500,159600
20240116,11:57:43,2.2,250,159100
20240116,11:58:21,2.2,400,159100
20240116,11:58:36,2.2,300,159100
20240116,11:58:42,2.2,50,159100
20240116,12:03:45,2.2,50,159100
20240116,12:04:42,2.25,250,159100
20240116,12:05:09,2.2,50,159100
20240116,12:05:26,2.2,50,159100
20240116,12:06:13,2.2,500,159100
20240116,12:06:40,2.2,50,159350
20240116,12:06:42,2.2,250,159350
20240116,12:06:53,2.2,1800,159350
20240116,12:06:57,2.2,1000,159350
20240116,12:07:05,2.2,400,159350
20240116,12:07:07,2.2,600,159350
20240116,12:07:17,2.2,50,159350
20240116,12:07:44,2.2,100,159350
20240116,12:07:50,2.2,200,159350
20240116,12:07:51,2.2,100,159350
20240116,12:07:59,2.2,50,159350
20240116,12:08:22,2.2,1000,159350
20240116,12:08:24,2.2,250,159350
20240116,12:08:45,2.2,1000,159350
20240116,12:08:49,2.2,1850,159350
20240116,12:09:01,2.2,50,155750
20240116,12:09:03,2.2,3700,155750
20240116,12:09:16,2.2,50,155750
20240116,12:10:16,2.15,50,155750
20240116,12:10:25,2.15,50,155750
20240116,12:10:27,2.15,100,155750
20240116,12:10:35,2.15,350,155750
20240116,12:10:50,2.2,300,155750
20240116,12:10:56,2.1,200,155750
20240116,12:11:18,2.1,250,155750
20240116,12:11:22,2.1,1250,155750
20240116,12:11:23,2.1,4550,155750
20240116,12:11:39,2.1,100,155750
20240116,12:11:55,2.15,50,151050
20240116,12:12:03,2.1,200,151050
20240116,12:12:07,2.1,150,151050
20240116,12:12:11,2.1,150,151050
20240116,12:12:14,2.1,1450,151050
20240116,12:13:35,2.1,50,151050
20240116,12:13:38,2.1,50,151050
20240116,12:13:47,2.1,1000,151050
20240116,12:14:02,2.05,1400,151050
20240116,12:14:51,2.1,1250,151050
20240116,12:15:20,2.05,300,150300
20240116,12:15:46,2.1,100,150300
20240116,12:16:35,2.05,250,150300
20240116,12:17:00,2.05,50,150300
20240116,12:17:07,2.05,100,150300
20240116,12:17:15,2.05,500,150300
20240116,12:17:19,2.05,1550,150300
20240116,12:17:30,2.05,200,150300
20240116,12:17:35,2.05,500,150300
20240116,12:17:37,2.05,100,150300
20240116,12:17:38,2.1,950,150300
20240116,12:17:39,2.05,50,150300
20240116,12:17:40,2.05,250,150300
20240116,12:17:43,2.05,450,150300
20240116,12:17:46,2.05,200,150300
20240116,12:17:49,2.05,200,150300
20240116,12:17:51,2.05,250,150300
20240116,12:17:53,2.05,200,150300
20240116,12:17:54,2.05,550,150300
20240116,12:18:03,2.05,200,150300
20240116,12:18:04,2.05,200,145200
20240116,12:18:42,2.05,200,145200
20240116,12:18:49,2.05,500,145200
20240116,12:18:59,2.05,100,145200
20240116,12:19:04,2.05,50,145200
20240116,12:19:09,2.05,600,145200
