date,time,tick_price,volume,open_interest
20240219,09:15:17,0.7,250,400
20240219,09:15:19,0.75,100,400
20240219,09:15:28,0.75,50,400
20240219,09:15:52,0.75,50,400
20240219,09:15:54,0.75,50,400
20240219,09:15:55,0.75,50,400
20240219,09:16:02,0.75,50,400
20240219,09:16:14,0.75,50,400
20240219,09:16:16,0.75,50,400
20240219,09:16:19,0.75,50,400
20240219,09:16:22,0.75,50,400
20240219,09:16:23,0.75,50,400
20240219,09:16:31,0.75,100,400
20240219,09:16:34,0.75,50,400
20240219,09:16:36,0.75,200,400
20240219,09:16:37,0.7,100,400
20240219,09:16:38,0.7,50,400
20240219,09:16:39,0.7,50,400
20240219,09:16:40,0.7,150,400
20240219,09:16:42,0.7,50,400
20240219,09:16:43,0.7,50,400
20240219,09:16:54,0.7,50,400
20240219,09:16:59,0.7,50,400
20240219,09:17:07,0.65,150,400
20240219,09:17:08,0.65,50,400
20240219,09:17:09,0.65,50,400
20240219,09:17:10,0.65,50,400
20240219,09:17:11,0.65,50,400
20240219,09:17:12,0.65,150,400
20240219,09:17:18,0.65,50,400
20240219,09:19:13,0.65,100,2100
20240219,09:19:24,0.65,100,2100
20240219,09:20:04,0.65,50,2100
20240219,09:21:31,0.65,100,2350
20240219,09:24:13,0.65,50,2350
20240219,09:24:32,0.65,50,2350
20240219,09:24:34,0.65,50,2500
20240219,09:24:35,0.65,50,2500
20240219,09:24:36,0.65,50,2500
20240219,09:24:37,0.65,50,2500
20240219,09:24:38,0.65,50,2500
20240219,09:24:39,0.65,100,2500
20240219,09:24:40,0.65,200,2500
20240219,09:24:41,0.65,200,2500
20240219,09:24:42,0.65,200,2500
20240219,09:24:44,0.65,50,2500
20240219,09:24:45,0.65,50,2500
20240219,09:24:46,0.65,50,2500
20240219,09:24:47,0.65,50,2500
20240219,09:24:48,0.65,50,2500
20240219,09:24:49,0.65,50,2500
20240219,09:24:50,0.65,50,2500
20240219,09:24:51,0.65,50,2500
20240219,09:24:52,0.65,50,2500
20240219,09:24:53,0.65,50,2500
20240219,09:24:54,0.65,50,2500
20240219,09:24:55,0.65,50,2500
20240219,09:24:56,0.65,50,2500
20240219,09:24:57,0.65,50,2500
20240219,09:24:58,0.65,50,2500
20240219,09:24:59,0.65,50,2500
20240219,09:25:00,0.65,50,2500
20240219,09:25:02,0.65,100,2500
20240219,09:25:03,0.7,50,2500
20240219,09:25:04,0.65,100,2500
20240219,09:25:06,0.7,50,2500
20240219,09:25:09,0.65,100,2500
20240219,09:25:46,0.7,100,2500
20240219,09:25:47,0.7,50,2500
20240219,09:25:48,0.7,200,2500
20240219,09:25:49,0.7,200,2500
20240219,09:25:50,0.7,200,2500
20240219,09:25:53,0.7,50,2500
20240219,09:25:54,0.7,50,2500
20240219,09:25:55,0.7,50,2500
20240219,09:25:58,0.7,50,2500
20240219,09:25:59,0.7,50,2500
20240219,09:26:02,0.7,50,2500
20240219,09:26:10,0.7,50,2500
20240219,09:26:17,0.7,50,2500
20240219,09:26:38,0.7,500,2500
20240219,09:27:04,0.65,200,2500
20240219,09:27:14,0.65,50,2500
20240219,09:27:15,0.65,100,2500
20240219,09:27:16,0.65,50,2500
20240219,09:27:19,0.65,100,2500
20240219,09:27:20,0.65,50,2500
20240219,09:27:41,0.65,50,6150
20240219,09:27:42,0.65,50,6150
20240219,09:27:43,0.65,200,6150
20240219,09:27:44,0.65,200,6150
20240219,09:27:45,0.65,200,6150
20240219,09:27:46,0.65,200,6150
20240219,09:27:47,0.65,50,6150
20240219,09:27:48,0.65,50,6150
20240219,09:27:49,0.65,50,6150
20240219,09:27:50,0.65,50,6150
20240219,09:27:51,0.65,200,6150
20240219,09:27:52,0.65,200,6150
20240219,09:27:53,0.65,50,6150
20240219,09:27:54,0.65,50,6150
20240219,09:27:55,0.65,50,6150
20240219,09:27:57,0.65,50,6150
20240219,09:27:58,0.65,50,6150
20240219,09:27:59,0.65,50,6150
20240219,09:28:00,0.65,50,6150
20240219,09:28:01,0.65,200,6150
20240219,09:28:02,0.65,200,6150
20240219,09:28:03,0.65,200,6150
20240219,09:28:04,0.65,200,6150
20240219,09:28:05,0.65,200,6150
20240219,09:28:06,0.65,200,6150
20240219,09:28:07,0.65,50,6150
20240219,09:28:08,0.65,50,6150
20240219,09:28:09,0.65,50,6150
20240219,09:28:10,0.65,50,6150
20240219,09:28:11,0.65,50,6150
20240219,09:28:12,0.65,50,6150
20240219,09:28:13,0.65,50,6150
20240219,09:28:14,0.65,50,6150
20240219,09:28:15,0.65,50,6150
20240219,09:28:16,0.65,50,6150
20240219,09:28:17,0.65,50,6150
20240219,09:28:18,0.65,200,6150
20240219,09:28:19,0.65,100,6150
20240219,09:28:21,0.7,100,6150
20240219,09:28:22,0.7,50,6150
20240219,09:28:23,0.7,50,6150
20240219,09:28:24,0.7,50,6150
20240219,09:28:25,0.7,200,6150
20240219,09:28:26,0.7,200,6150
20240219,09:28:27,0.7,50,6150
20240219,09:28:28,0.7,50,6150
20240219,09:28:29,0.7,50,6150
20240219,09:28:30,0.7,50,6150
20240219,09:28:31,0.7,50,6150
20240219,09:28:32,0.7,50,6150
20240219,09:28:33,0.7,50,6150
20240219,09:28:34,0.7,50,6150
20240219,09:28:35,0.7,50,6150
20240219,09:28:36,0.7,50,6150
20240219,09:28:37,0.7,50,6150
20240219,09:28:38,0.7,50,6150
20240219,09:28:39,0.7,50,6150
20240219,09:28:40,0.7,50,6150
20240219,09:28:43,0.7,50,6150
20240219,09:28:44,0.7,50,6150
20240219,09:28:45,0.7,50,6150
20240219,09:28:57,0.7,50,6150
20240219,09:29:26,0.65,150,6150
20240219,09:29:31,0.7,200,6150
20240219,09:30:13,0.7,2800,6150
20240219,09:30:14,0.7,4600,6150
20240219,09:30:55,0.65,50,6150
20240219,09:30:56,0.65,200,17850
20240219,09:30:56,0.65,2500,17850
20240219,09:30:57,0.65,1150,17850
20240219,09:30:59,0.6,50,17850
20240219,09:31:00,0.6,150,17850
20240219,09:31:02,0.6,50,17850
20240219,09:31:03,0.65,50,17850
20240219,09:31:05,0.6,200,17850
20240219,09:31:07,0.6,50,17850
20240219,09:31:10,0.6,50,17850
20240219,09:31:11,0.6,50,17850
20240219,09:31:13,0.65,50,17850
20240219,09:31:16,0.6,50,17850
20240219,09:31:17,0.6,50,17850
20240219,09:31:18,0.6,50,17850
20240219,09:31:19,0.6,50,17850
20240219,09:31:20,0.6,50,17850
20240219,09:31:21,0.6,50,17850
20240219,09:31:22,0.6,50,17850
20240219,09:31:23,0.6,50,17850
20240219,09:31:24,0.65,100,17850
20240219,09:31:26,0.65,300,17850
20240219,09:32:19,0.7,50,17850
20240219,09:32:40,0.65,500,17850
20240219,09:32:40,0.65,1850,17850
20240219,09:32:57,0.65,50,17850
20240219,09:33:00,0.65,50,17850
20240219,09:33:01,0.65,50,17850
20240219,09:33:02,0.65,50,17850
20240219,09:33:03,0.65,200,17850
20240219,09:33:04,0.65,200,17850
20240219,09:33:05,0.65,200,17850
20240219,09:33:06,0.65,300,17850
20240219,09:33:07,0.65,450,17850
20240219,09:33:09,0.65,400,17850
20240219,09:33:09,0.65,100,17850
20240219,09:33:10,0.65,200,17850
20240219,09:33:11,0.65,500,17850
20240219,09:33:12,0.65,200,17850
20240219,09:33:13,0.65,350,17850
20240219,09:33:14,0.65,400,17850
20240219,09:33:15,0.7,5950,17850
20240219,09:33:16,0.65,1000,17850
20240219,09:33:18,0.65,350,17850
20240219,09:33:18,0.65,300,17850
20240219,09:33:19,0.65,250,17850
20240219,09:33:20,0.65,250,17850
20240219,09:33:25,0.65,1800,17850
20240219,09:33:41,0.65,150,26350
20240219,09:34:05,0.65,50,26350
20240219,09:34:06,0.65,50,26350
20240219,09:34:07,0.65,50,26350
20240219,09:34:08,0.65,50,26350
20240219,09:34:09,0.65,50,26350
20240219,09:34:10,0.65,50,26350
20240219,09:34:20,0.65,50,26350
20240219,09:34:24,0.65,1000,26350
20240219,09:34:29,0.65,50,26350
20240219,09:34:39,0.65,150,26350
20240219,09:34:42,0.65,400,26350
20240219,09:34:52,0.65,250,26350
20240219,09:34:57,0.65,50,26350
20240219,09:34:58,0.65,450,26350
20240219,09:34:59,0.65,50,26350
20240219,09:35:00,0.65,50,26350
20240219,09:35:01,0.65,50,26350
20240219,09:35:12,0.65,50,26350
20240219,09:35:15,0.65,600,26350
20240219,09:35:17,0.7,3650,26350
20240219,09:35:18,0.65,9200,26350
20240219,09:35:19,0.8,2800,26350
20240219,09:35:24,0.65,50,26350
20240219,09:35:27,0.7,50,26350
20240219,09:35:43,0.7,50,26350
20240219,09:36:04,0.7,50,26350
20240219,09:36:12,0.7,50,26350
20240219,09:36:13,0.7,50,26350
20240219,09:36:14,0.7,50,26350
20240219,09:36:26,0.7,50,26350
20240219,09:36:27,0.7,50,26350
20240219,09:36:54,0.7,100,26350
20240219,09:37:24,0.7,50,40200
20240219,09:37:34,0.7,50,40200
20240219,09:37:48,0.7,50,40200
20240219,09:38:03,0.7,50,40200
20240219,09:38:04,0.7,50,40200
20240219,09:38:08,0.7,50,40200
20240219,09:38:15,0.65,200,40200
20240219,09:40:03,0.65,50,40200
20240219,09:40:04,0.65,50,40150
20240219,09:40:05,0.65,50,40150
20240219,09:40:07,0.65,50,40150
20240219,09:40:08,0.65,200,40150
20240219,09:40:09,0.65,200,40150
20240219,09:40:10,0.65,50,40150
20240219,09:40:11,0.65,50,40150
20240219,09:40:12,0.65,50,40150
20240219,09:40:13,0.65,200,40150
20240219,09:40:14,0.65,200,40150
20240219,09:40:15,0.65,50,40150
20240219,09:40:16,0.65,50,40150
20240219,09:40:17,0.65,50,40150
20240219,09:40:18,0.65,50,40150
20240219,09:40:19,0.65,50,40150
20240219,09:40:20,0.65,50,40150
20240219,09:40:21,0.65,200,40150
20240219,09:40:22,0.65,200,40150
20240219,09:40:23,0.65,200,40150
20240219,09:40:24,0.65,200,40150
20240219,09:40:25,0.65,50,40150
20240219,09:40:26,0.65,50,40150
20240219,09:40:27,0.65,50,40150
20240219,09:40:28,0.65,50,40150
20240219,09:40:29,0.65,50,40150
20240219,09:40:31,0.65,50,40150
20240219,09:40:38,0.7,50,40150
20240219,09:42:00,0.7,50,40150
20240219,09:42:01,0.7,50,40150
20240219,09:42:02,0.7,50,40150
20240219,09:42:03,0.7,200,40150
20240219,09:42:04,0.7,200,40150
20240219,09:42:05,0.7,200,40150
20240219,09:42:06,0.7,200,40150
20240219,09:42:07,0.7,50,40150
20240219,09:42:08,0.7,50,40150
20240219,09:42:09,0.7,50,40150
20240219,09:42:10,0.7,50,40150
20240219,09:42:11,0.7,50,40150
20240219,09:42:17,0.7,50,40150
20240219,09:42:18,0.7,50,40150
20240219,09:42:19,0.7,50,40150
20240219,09:42:20,0.7,50,40150
20240219,09:42:21,0.7,50,40150
20240219,09:42:22,0.7,50,40150
20240219,09:42:24,0.7,50,40150
20240219,09:42:25,0.7,50,40150
20240219,09:42:26,0.7,50,40150
20240219,09:42:27,0.7,50,40150
20240219,09:42:28,0.7,50,40150
20240219,09:42:29,0.7,50,40150
20240219,09:42:30,0.7,50,40150
20240219,09:42:31,0.7,50,40150
20240219,09:42:32,0.7,50,40150
20240219,09:42:33,0.7,50,39250
20240219,09:42:34,0.7,50,39250
20240219,09:42:35,0.7,50,39250
20240219,09:42:36,0.7,50,39250
20240219,09:42:37,0.7,50,39250
20240219,09:42:38,0.7,50,39250
20240219,09:42:40,0.7,50,39250
20240219,09:42:41,0.7,50,39250
20240219,09:42:42,0.7,50,39250
20240219,09:42:48,0.7,50,39250
20240219,09:42:49,0.7,50,39250
20240219,09:42:51,0.7,50,39250
20240219,09:43:34,0.7,200,39250
20240219,09:44:02,0.65,50,39250
20240219,09:44:36,0.7,50,39250
20240219,09:44:40,0.7,300,39250
20240219,09:46:23,0.65,50,40050
20240219,09:46:39,0.7,300,40050
20240219,09:46:40,0.65,50,40050
20240219,09:46:41,0.65,50,40050
20240219,09:46:42,0.65,50,40050
20240219,09:47:03,0.65,50,40050
20240219,09:47:06,0.65,50,40050
20240219,09:47:07,0.65,200,40050
20240219,09:47:08,0.65,200,40050
20240219,09:47:09,0.65,200,40050
20240219,09:47:10,0.65,200,40050
20240219,09:47:11,0.65,200,40050
20240219,09:47:12,0.65,200,40050
20240219,09:47:13,0.65,200,40050
20240219,09:47:14,0.65,200,40050
20240219,09:47:15,0.65,200,40050
20240219,09:47:16,0.65,200,40050
20240219,09:47:17,0.65,200,40050
20240219,09:47:18,0.65,200,40050
20240219,09:47:19,0.65,200,40050
20240219,09:47:20,0.65,200,40050
20240219,09:47:21,0.65,200,40050
20240219,09:47:22,0.65,200,40050
20240219,09:47:23,0.65,50,40050
20240219,09:47:24,0.65,50,40050
20240219,09:47:25,0.65,50,40050
20240219,09:47:26,0.65,50,40050
20240219,09:48:03,0.65,1000,40050
20240219,09:48:40,0.65,50,40050
20240219,09:48:41,0.65,50,35550
20240219,09:48:42,0.65,50,35550
20240219,09:48:43,0.65,50,35550
20240219,09:48:44,0.65,50,35550
20240219,09:48:45,0.65,200,35550
20240219,09:48:46,0.65,200,35550
20240219,09:48:47,0.65,200,35550
20240219,09:48:55,0.65,50,35550
20240219,09:48:56,0.65,50,35550
20240219,09:48:57,0.65,50,35550
20240219,09:48:58,0.65,50,35550
20240219,09:48:59,0.65,50,35550
20240219,09:49:00,0.65,50,35550
20240219,09:49:01,0.65,200,35550
20240219,09:49:02,0.65,200,35550
20240219,09:49:03,0.65,200,35550
20240219,09:49:04,0.65,200,35550
20240219,09:49:05,0.65,50,35550
20240219,09:49:06,0.65,50,35550
20240219,09:49:07,0.65,50,35550
20240219,09:49:08,0.65,200,35550
20240219,09:49:09,0.65,200,35550
20240219,09:49:10,0.65,50,35550
20240219,09:49:11,0.65,50,35550
20240219,09:49:12,0.65,50,35550
20240219,09:49:13,0.65,50,35550
20240219,09:49:14,0.65,200,35550
20240219,09:49:15,0.65,200,35550
20240219,09:49:16,0.65,250,35550
20240219,09:50:47,0.65,200,35550
20240219,09:50:48,0.65,200,35550
20240219,09:50:49,0.65,200,35550
20240219,09:50:54,0.65,200,35550
20240219,09:50:55,0.65,200,35550
20240219,09:50:56,0.65,200,35550
20240219,09:50:57,0.65,200,35550
20240219,09:50:58,0.65,200,35550
20240219,09:50:58,0.7,100,35550
20240219,09:50:59,0.65,200,35550
20240219,09:51:46,0.7,1500,35550
20240219,09:51:48,0.7,1500,32100
20240219,09:51:55,0.7,50,32100
20240219,09:52:09,0.7,1800,32100
20240219,09:54:13,0.7,150,32100
20240219,09:56:39,0.7,100,32100
20240219,09:57:33,0.75,100,36600
20240219,09:57:39,0.65,50,36600
20240219,09:57:41,0.65,50,36800
20240219,09:57:42,0.7,50,36800
20240219,09:57:43,0.65,50,36800
20240219,09:57:46,0.65,50,36800
20240219,09:57:47,0.65,50,36800
20240219,09:59:26,0.7,50,36800
20240219,09:59:41,0.65,50,36800
20240219,09:59:43,0.65,50,36800
20240219,09:59:57,0.7,150,36800
20240219,10:00:11,0.65,50,36800
20240219,10:00:17,0.65,100,36800
20240219,10:00:27,0.65,200,36800
20240219,10:00:27,0.7,50,36800
20240219,10:00:28,0.65,200,36800
20240219,10:00:29,0.65,200,36800
20240219,10:00:30,0.65,50,36800
20240219,10:00:31,0.65,50,36800
20240219,10:00:32,0.65,50,36800
20240219,10:00:33,0.65,200,36800
20240219,10:00:34,0.65,200,36800
20240219,10:00:35,0.65,200,36800
20240219,10:00:40,0.65,50,36600
20240219,10:00:41,0.65,50,36600
20240219,10:00:43,0.65,50,36600
20240219,10:00:44,0.65,50,36600
20240219,10:00:45,0.65,50,36600
20240219,10:00:46,0.65,50,36600
20240219,10:00:47,0.65,50,36600
20240219,10:00:48,0.65,50,36600
20240219,10:00:49,0.65,50,36600
20240219,10:00:50,0.65,50,36600
20240219,10:00:51,0.65,50,36600
20240219,10:00:52,0.65,200,36600
20240219,10:00:53,0.65,200,36600
20240219,10:00:54,0.65,200,36600
20240219,10:00:55,0.65,50,36600
20240219,10:00:58,0.65,50,36600
20240219,10:02:08,0.65,50,36600
20240219,10:02:45,0.7,50,36600
20240219,10:02:55,0.7,50,36600
20240219,10:03:35,0.65,100,36600
20240219,10:03:36,0.65,50,36600
20240219,10:03:46,0.65,50,36450
20240219,10:03:48,0.7,100,36450
20240219,10:03:53,0.65,50,36450
20240219,10:04:00,0.65,50,36450
20240219,10:04:10,0.65,50,36450
20240219,10:04:13,0.7,100,36450
20240219,10:05:32,0.65,50,36450
20240219,10:05:42,0.7,750,36450
20240219,10:05:44,0.65,50,36450
20240219,10:06:43,0.65,50,36950
20240219,10:07:20,0.7,50,36950
20240219,10:07:40,0.65,50,36950
20240219,10:08:02,0.65,100,36950
20240219,10:09:10,0.65,50,36950
20240219,10:09:19,0.65,50,36950
20240219,10:09:30,0.65,100,36950
20240219,10:10:09,0.65,50,36950
20240219,10:10:32,0.65,100,36600
20240219,10:12:29,0.65,50,36600
20240219,10:13:00,0.65,100,36600
20240219,10:13:09,0.65,100,36400
20240219,10:14:05,0.65,50,36400
20240219,10:14:13,0.7,250,36400
20240219,10:18:15,0.65,750,36400
20240219,10:20:15,0.7,500,35650
20240219,10:20:53,0.7,50,35650
20240219,10:24:01,0.65,1800,36200
20240219,10:24:07,0.65,50,36200
20240219,10:24:48,0.7,50,36200
20240219,10:25:17,0.65,50,34850
20240219,10:25:30,0.65,50,34850
20240219,10:25:31,0.7,500,34850
20240219,10:26:30,0.7,50,34850
20240219,10:26:46,0.65,50,34850
20240219,10:27:08,0.65,1500,34850
20240219,10:27:09,0.65,1950,34850
20240219,10:27:11,0.6,550,34850
20240219,10:27:34,0.65,50,34850
20240219,10:28:08,0.65,50,34850
20240219,10:28:43,0.6,50,38850
20240219,10:29:15,0.6,250,38850
20240219,10:29:37,0.6,1000,38850
20240219,10:30:05,0.65,500,38850
20240219,10:30:50,0.6,50,38800
20240219,10:31:06,0.6,50,38800
20240219,10:31:07,0.6,50,38800
20240219,10:31:41,0.6,50,38800
20240219,10:33:01,0.6,1000,38800
20240219,10:33:01,0.6,500,38800
20240219,10:33:02,0.6,500,38800
20240219,10:33:24,0.6,50,38800
20240219,10:34:23,0.6,1000,38800
20240219,10:34:38,0.65,150,38550
20240219,10:34:40,0.65,550,38550
20240219,10:36:57,0.65,500,38550
20240219,10:37:02,0.65,50,39100
20240219,10:37:52,0.65,50,39100
20240219,10:37:53,0.65,50,39100
20240219,10:37:54,0.65,50,39100
20240219,10:37:55,0.65,50,39100
20240219,10:37:56,0.65,50,39100
20240219,10:37:57,0.65,50,39100
20240219,10:37:58,0.65,50,39100
20240219,10:37:59,0.65,50,39100
20240219,10:38:03,0.65,50,39100
20240219,10:38:04,0.65,50,39100
20240219,10:38:05,0.65,50,39100
20240219,10:38:06,0.65,50,39100
20240219,10:38:07,0.65,50,39100
20240219,10:38:08,0.65,50,39100
20240219,10:38:09,0.65,50,39100
20240219,10:38:10,0.65,50,39100
20240219,10:38:11,0.65,100,39100
20240219,10:38:12,0.65,50,39100
20240219,10:38:13,0.6,200,39100
20240219,10:38:14,0.65,50,39100
20240219,10:38:15,0.65,50,39100
20240219,10:38:16,0.65,50,39100
20240219,10:38:17,0.65,100,39100
20240219,10:38:18,0.65,100,39100
20240219,10:38:19,0.65,100,39100
20240219,10:38:33,0.65,50,39100
20240219,10:38:34,0.65,50,39100
20240219,10:38:46,0.65,50,39100
20240219,10:38:47,0.65,50,39100
20240219,10:38:53,0.65,50,39100
20240219,10:38:54,0.65,50,39100
20240219,10:38:55,0.65,50,39100
20240219,10:38:56,0.65,50,39100
20240219,10:38:57,0.65,50,39100
20240219,10:38:58,0.65,50,39100
20240219,10:38:59,0.65,50,39100
20240219,10:39:00,0.65,50,39100
20240219,10:39:01,0.65,50,39100
20240219,10:39:02,0.65,50,39100
20240219,10:39:03,0.65,100,39100
20240219,10:39:04,0.65,100,39100
20240219,10:39:05,0.65,100,39100
20240219,10:39:06,0.65,150,39100
20240219,10:39:07,0.65,150,39100
20240219,10:39:08,0.65,50,39100
20240219,10:39:09,0.65,50,39100
20240219,10:39:10,0.65,50,39100
20240219,10:39:11,0.65,50,39100
20240219,10:39:12,0.65,50,39100
20240219,10:39:13,0.65,50,39100
20240219,10:39:14,0.65,150,39100
20240219,10:39:15,0.65,150,39100
20240219,10:39:16,0.65,50,39100
20240219,10:39:17,0.65,50,39100
20240219,10:39:18,0.65,50,39100
20240219,10:39:19,0.65,50,39100
20240219,10:39:20,0.65,50,39100
20240219,10:39:21,0.65,150,39100
20240219,10:39:22,0.65,150,39100
20240219,10:39:28,0.65,50,39100
20240219,10:39:29,0.65,50,39100
20240219,10:39:33,0.65,50,39100
20240219,10:39:34,0.65,50,39100
20240219,10:39:35,0.65,150,39100
20240219,10:39:36,0.65,150,39100
20240219,10:39:37,0.65,150,39100
20240219,10:39:38,0.65,150,39100
20240219,10:39:41,0.65,50,39100
20240219,10:39:42,0.65,50,42700
20240219,10:39:43,0.65,150,42700
20240219,10:39:44,0.65,150,42700
20240219,10:39:46,0.65,50,42700
20240219,10:39:47,0.65,50,42700
20240219,10:39:48,0.65,50,42700
20240219,10:39:49,0.65,50,42700
20240219,10:39:50,0.65,50,42700
20240219,10:39:51,0.65,50,42700
20240219,10:39:52,0.65,50,42700
20240219,10:39:53,0.65,50,42700
20240219,10:39:54,0.65,50,42700
20240219,10:39:55,0.65,50,42700
20240219,10:39:56,0.65,50,42700
20240219,10:39:57,0.65,50,42700
20240219,10:39:58,0.65,50,42700
20240219,10:39:59,0.65,50,42700
20240219,10:40:00,0.65,50,42700
20240219,10:40:01,0.65,50,42700
20240219,10:40:02,0.65,50,42700
20240219,10:40:03,0.65,150,42700
20240219,10:40:04,0.65,150,42700
20240219,10:40:05,0.65,150,42700
20240219,10:40:09,0.65,50,42700
20240219,10:40:10,0.65,50,42700
20240219,10:40:11,0.65,50,42700
20240219,10:40:12,0.65,150,42700
20240219,10:40:13,0.65,150,42700
20240219,10:40:14,0.65,150,42700
20240219,10:40:15,0.65,150,42700
20240219,10:40:16,0.65,50,42700
20240219,10:40:17,0.65,50,42700
20240219,10:40:18,0.65,150,42700
20240219,10:40:19,0.65,150,42700
20240219,10:40:32,0.65,50,42700
20240219,10:40:46,0.65,50,42700
20240219,10:40:51,0.65,100,42700
20240219,10:41:01,0.65,200,42700
20240219,10:42:12,0.65,50,42700
20240219,10:44:05,0.65,50,42700
20240219,10:44:06,0.65,50,44000
20240219,10:44:07,0.65,50,44000
20240219,10:44:08,0.65,50,44000
20240219,10:44:09,0.65,50,44000
20240219,10:44:10,0.65,50,44000
20240219,10:44:11,0.65,50,44000
20240219,10:44:12,0.65,50,44000
20240219,10:44:13,0.65,50,44000
20240219,10:44:14,0.65,50,44000
20240219,10:44:15,0.65,50,44000
20240219,10:44:16,0.65,50,44000
20240219,10:44:17,0.65,50,44000
20240219,10:44:18,0.65,100,44000
20240219,10:44:19,0.65,100,44000
20240219,10:46:43,0.65,750,44750
20240219,10:47:18,0.7,50,44750
20240219,10:47:30,0.6,50,44750
20240219,10:47:57,0.65,1000,44750
20240219,10:48:01,0.65,100,44750
20240219,10:48:01,0.65,50,44750
20240219,10:49:48,0.65,50,44750
20240219,10:50:16,0.65,50,45350
20240219,10:53:11,0.65,500,45350
20240219,10:54:30,0.6,500,45350
20240219,10:56:13,0.6,50,44850
20240219,10:56:14,0.6,50,44850
20240219,10:56:15,0.6,50,44850
20240219,10:56:16,0.6,50,44850
20240219,10:56:17,0.6,50,44850
20240219,10:56:18,0.6,50,44850
20240219,10:56:19,0.6,200,44850
20240219,10:56:20,0.6,200,44850
20240219,10:56:21,0.6,50,44850
20240219,10:56:22,0.6,50,44850
20240219,10:56:23,0.6,50,44850
20240219,10:56:24,0.6,50,44850
20240219,10:56:25,0.6,200,44850
20240219,10:56:26,0.6,200,44850
20240219,10:56:27,0.6,200,44850
20240219,10:56:28,0.6,50,44850
20240219,10:56:29,0.6,50,44850
20240219,10:56:30,0.6,50,44850
20240219,10:56:31,0.6,50,44850
20240219,10:56:32,0.6,200,44850
20240219,10:56:33,0.6,200,44850
20240219,10:56:34,0.6,200,44850
20240219,10:56:35,0.6,200,44850
20240219,10:56:36,0.6,200,44850
20240219,10:56:37,0.6,200,44850
20240219,10:56:38,0.6,200,44850
20240219,10:56:39,0.6,200,44850
20240219,10:56:40,0.6,200,44850
20240219,10:56:41,0.6,200,44850
20240219,10:56:42,0.6,200,44850
20240219,10:56:43,0.6,200,44850
20240219,10:56:44,0.6,200,44850
20240219,10:56:45,0.6,200,44850
20240219,10:56:46,0.6,200,44850
20240219,10:56:47,0.6,200,44850
20240219,10:56:48,0.65,250,44850
20240219,10:56:49,0.6,200,44850
20240219,10:56:52,0.6,50,44850
20240219,10:56:53,0.6,50,44850
20240219,10:56:54,0.6,50,44850
20240219,10:56:55,0.6,50,44850
20240219,10:56:56,0.6,50,44850
20240219,10:56:57,0.6,50,44850
20240219,10:56:58,0.6,50,44850
20240219,10:56:59,0.6,50,44850
20240219,10:57:00,0.6,50,44850
20240219,10:57:01,0.6,50,44850
20240219,10:57:02,0.6,50,44850
20240219,10:57:03,0.6,200,44850
20240219,10:57:04,0.6,200,44850
20240219,10:57:05,0.6,200,44850
20240219,10:57:06,0.6,200,44850
20240219,10:57:53,0.65,50,40450
20240219,10:57:54,0.65,50,40450
20240219,10:57:55,0.65,50,40450
20240219,10:57:56,0.65,50,40450
20240219,10:57:57,0.65,50,40450
20240219,10:57:58,0.65,50,40450
20240219,10:57:59,0.65,50,40450
20240219,10:58:00,0.65,50,40450
20240219,10:58:01,0.65,200,40450
20240219,10:58:02,0.65,200,40450
20240219,10:58:03,0.65,200,40450
20240219,10:58:17,0.6,1000,40450
20240219,10:58:38,0.6,1500,40450
20240219,10:58:39,0.6,1000,40450
20240219,10:58:47,0.6,50,40450
20240219,10:58:48,0.6,200,40450
20240219,10:58:49,0.6,200,40450
20240219,10:58:50,0.6,200,40450
20240219,10:58:51,0.6,200,40450
20240219,10:58:52,0.6,200,40450
20240219,10:58:53,0.6,200,40450
20240219,10:58:54,0.6,200,40450
20240219,10:58:55,0.6,200,40450
20240219,10:58:56,0.6,200,40450
20240219,10:58:57,0.6,250,40450
20240219,10:58:58,0.6,200,40450
20240219,10:58:59,0.6,200,40450
20240219,10:59:00,0.6,150,40450
20240219,10:59:21,0.65,50,40450
20240219,11:00:04,0.65,50,40450
20240219,11:00:33,0.65,50,40450
20240219,11:01:57,0.6,50,43950
20240219,11:03:52,0.65,100,43950
20240219,11:04:14,0.65,500,43950
20240219,11:04:30,0.65,50,43950
20240219,11:06:05,0.65,50,43950
20240219,11:06:06,0.65,50,43950
20240219,11:06:07,0.65,50,43950
20240219,11:06:08,0.65,50,43950
20240219,11:06:09,0.65,50,43950
20240219,11:06:10,0.65,50,43950
20240219,11:06:11,0.65,50,43950
20240219,11:06:12,0.65,50,43950
20240219,11:06:13,0.65,50,43950
20240219,11:06:14,0.65,50,43950
20240219,11:06:14,0.6,50,43950
20240219,11:06:15,0.65,50,43950
20240219,11:06:16,0.65,50,43950
20240219,11:06:17,0.65,100,43950
20240219,11:06:18,0.65,100,43950
20240219,11:06:19,0.65,150,43950
20240219,11:06:21,0.65,50,43950
20240219,11:06:23,0.65,50,43950
20240219,11:06:24,0.65,50,43950
20240219,11:06:25,0.65,50,43950
20240219,11:06:26,0.65,50,43950
20240219,11:06:27,0.65,150,43950
20240219,11:06:28,0.65,150,43950
20240219,11:06:29,0.65,50,43950
20240219,11:06:30,0.65,50,43950
20240219,11:06:31,0.65,50,43950
20240219,11:06:32,0.65,50,43950
20240219,11:06:33,0.65,50,43950
20240219,11:06:34,0.65,50,43950
20240219,11:06:35,0.65,50,43950
20240219,11:06:36,0.65,50,43950
20240219,11:06:37,0.65,50,43950
20240219,11:06:38,0.65,50,43950
20240219,11:06:39,0.65,50,43950
20240219,11:06:40,0.65,50,43950
20240219,11:06:41,0.65,50,43950
20240219,11:06:42,0.65,150,43950
20240219,11:06:43,0.65,150,43950
20240219,11:06:45,0.65,50,43950
20240219,11:06:53,0.65,50,44000
20240219,11:07:20,0.65,50,44000
20240219,11:07:21,0.65,50,44000
20240219,11:07:22,0.65,50,44000
20240219,11:07:23,0.65,50,44000
20240219,11:07:24,0.65,50,44000
20240219,11:07:25,0.65,150,44000
20240219,11:07:26,0.65,200,44000
20240219,11:07:27,0.65,200,44000
20240219,11:07:28,0.65,200,44000
20240219,11:07:29,0.65,50,44000
20240219,11:07:30,0.65,50,44000
20240219,11:07:31,0.65,50,44000
20240219,11:07:32,0.65,50,44000
20240219,11:07:33,0.65,200,44000
20240219,11:07:34,0.65,200,44000
20240219,11:07:35,0.65,50,44000
20240219,11:07:36,0.65,100,44000
20240219,11:07:37,0.65,50,44000
20240219,11:07:38,0.65,50,44000
20240219,11:07:39,0.65,50,44000
20240219,11:08:11,0.65,50,44000
20240219,11:08:12,0.65,50,44000
20240219,11:08:13,0.65,200,44000
20240219,11:08:14,0.65,200,44000
20240219,11:08:15,0.65,200,44000
20240219,11:08:16,0.65,200,44000
20240219,11:08:17,0.65,200,44000
20240219,11:08:18,0.65,200,44000
20240219,11:09:07,0.65,150,44000
20240219,11:09:26,0.65,50,44000
20240219,11:09:27,0.65,50,44000
20240219,11:09:28,0.65,50,44000
20240219,11:11:06,0.65,50,44000
20240219,11:11:07,0.65,50,44000
20240219,11:11:08,0.65,50,44000
20240219,11:11:09,0.65,50,44000
20240219,11:11:10,0.65,50,44000
20240219,11:11:11,0.65,50,44000
20240219,11:11:12,0.65,50,44000
20240219,11:11:13,0.65,50,44000
20240219,11:11:14,0.65,50,44000
20240219,11:11:15,0.65,50,44000
20240219,11:11:16,0.65,50,44000
20240219,11:11:17,0.65,50,44000
20240219,11:11:18,0.65,50,44000
20240219,11:11:19,0.65,50,44000
20240219,11:11:20,0.65,200,44000
20240219,11:11:21,0.65,200,44000
20240219,11:11:22,0.65,200,44000
20240219,11:11:23,0.65,50,44000
20240219,11:11:24,0.65,50,44000
20240219,11:11:48,0.65,50,44000
20240219,11:11:52,0.6,50,44000
20240219,11:12:26,0.65,50,44000
20240219,11:12:57,0.6,50,44000
20240219,11:13:18,0.65,50,44000
20240219,11:13:31,0.6,50,44000
20240219,11:13:32,0.6,50,44000
20240219,11:13:33,0.6,200,44000
20240219,11:13:34,0.6,200,44000
20240219,11:13:35,0.6,200,44000
20240219,11:13:36,0.6,200,44000
20240219,11:13:37,0.6,200,44000
20240219,11:13:38,0.6,50,44000
20240219,11:13:39,0.6,200,44000
20240219,11:13:40,0.6,200,44000
20240219,11:13:41,0.6,200,44000
20240219,11:13:42,0.6,50,44000
20240219,11:13:43,0.6,50,44000
20240219,11:13:44,0.6,200,44000
20240219,11:13:45,0.6,200,44000
20240219,11:13:46,0.6,200,44000
20240219,11:13:47,0.6,200,44000
20240219,11:13:48,0.6,50,44000
20240219,11:13:49,0.6,50,44000
20240219,11:13:50,0.6,50,44000
20240219,11:13:51,0.6,50,44000
20240219,11:13:52,0.6,50,44000
20240219,11:13:53,0.6,50,44000
20240219,11:13:54,0.6,50,44000
20240219,11:13:55,0.6,50,44000
20240219,11:13:56,0.6,200,44000
20240219,11:13:57,0.6,200,44000
20240219,11:13:58,0.6,50,44000
20240219,11:13:59,0.6,50,44000
20240219,11:14:00,0.6,50,44000
20240219,11:14:01,0.6,50,44000
20240219,11:14:02,0.6,50,44000
20240219,11:14:03,0.6,200,44000
20240219,11:14:04,0.6,200,44000
20240219,11:14:05,0.6,200,44000
20240219,11:14:07,0.6,100,44000
20240219,11:14:08,0.6,50,44000
20240219,11:14:09,0.6,50,44000
20240219,11:14:10,0.6,50,44000
20240219,11:14:11,0.6,200,44000
20240219,11:14:12,0.6,200,44000
20240219,11:14:13,0.6,200,44000
20240219,11:14:14,0.6,200,44000
20240219,11:14:16,0.6,400,44000
20240219,11:14:17,0.6,200,44000
20240219,11:14:18,0.6,150,44000
20240219,11:14:20,0.6,300,44000
20240219,11:14:21,0.6,150,44000
20240219,11:14:22,0.6,150,44000
20240219,11:14:23,0.6,150,44000
20240219,11:14:24,0.6,200,44000
20240219,11:14:25,0.6,150,44000
20240219,11:15:07,0.6,1500,44000
20240219,11:15:08,0.6,100,44000
20240219,11:16:37,0.6,1500,45500
20240219,11:17:15,0.6,1000,45500
20240219,11:17:16,0.6,1550,45500
20240219,11:17:18,0.6,50,45500
20240219,11:17:21,0.6,50,45500
20240219,11:17:27,0.6,1000,45500
20240219,11:17:30,0.6,800,45500
20240219,11:18:47,0.6,450,46250
20240219,11:18:48,0.6,300,46250
20240219,11:18:51,0.55,5400,46250
20240219,11:18:52,0.55,3600,46250
20240219,11:19:12,0.55,500,46250
20240219,11:19:13,0.55,2000,46250
20240219,11:19:19,0.55,2000,46250
20240219,11:19:33,0.55,100,46250
20240219,11:20:45,0.6,50,46250
20240219,11:20:46,0.6,50,46250
20240219,11:21:02,0.6,50,46250
20240219,11:21:14,0.55,1000,46250
20240219,11:21:21,0.6,50,46250
20240219,11:22:47,0.6,100,46250
20240219,11:23:07,0.6,50,59500
20240219,11:23:08,0.6,50,59500
20240219,11:23:09,0.6,50,59500
20240219,11:23:11,0.6,100,59500
20240219,11:23:12,0.6,50,59500
20240219,11:23:13,0.6,50,59500
20240219,11:23:18,0.6,50,59500
20240219,11:23:34,0.6,50,59500
20240219,11:23:35,0.6,50,59500
20240219,11:23:36,0.6,50,59500
20240219,11:23:37,0.6,50,59500
20240219,11:23:38,0.6,50,59500
20240219,11:23:39,0.6,50,59500
20240219,11:23:40,0.6,50,59500
20240219,11:23:41,0.6,100,59500
20240219,11:23:42,0.6,100,59500
20240219,11:23:46,0.6,50,59500
20240219,11:23:47,0.6,50,59500
20240219,11:23:48,0.6,50,59500
20240219,11:23:49,0.6,50,59500
20240219,11:23:50,0.6,50,59500
20240219,11:23:51,0.6,50,59500
20240219,11:23:52,0.6,100,59500
20240219,11:23:53,0.6,100,59500
20240219,11:23:54,0.6,100,59500
20240219,11:23:55,0.6,50,59500
20240219,11:23:56,0.6,50,59500
20240219,11:23:57,0.6,50,59500
20240219,11:23:58,0.6,50,59500
20240219,11:24:00,0.6,150,59500
20240219,11:24:01,0.6,150,59500
20240219,11:24:02,0.6,150,59500
20240219,11:24:03,0.6,150,59500
20240219,11:24:04,0.6,150,59500
20240219,11:24:05,0.6,150,59500
20240219,11:24:06,0.6,150,59500
20240219,11:24:07,0.6,200,59500
20240219,11:24:08,0.6,200,59500
20240219,11:24:09,0.6,200,59500
20240219,11:24:10,0.6,200,59500
20240219,11:24:11,0.6,200,59500
20240219,11:24:12,0.6,200,59500
20240219,11:24:13,0.6,200,59500
20240219,11:24:14,0.6,200,59500
20240219,11:24:15,0.6,200,59500
20240219,11:24:16,0.6,200,59500
20240219,11:24:17,0.6,50,59500
20240219,11:24:18,0.6,50,59500
20240219,11:24:19,0.6,950,59500
20240219,11:24:20,0.6,50,59500
20240219,11:24:21,0.6,50,59500
20240219,11:24:22,0.6,50,59500
20240219,11:24:23,0.6,50,59500
20240219,11:24:24,0.6,50,59500
20240219,11:24:25,0.6,50,59500
20240219,11:24:26,0.6,50,59500
20240219,11:24:28,0.6,400,59500
20240219,11:24:29,0.6,200,59500
20240219,11:24:37,0.6,50,59500
20240219,11:24:38,0.6,100,59500
20240219,11:24:39,0.6,200,59500
20240219,11:24:40,0.6,200,59500
20240219,11:24:41,0.6,50,59500
20240219,11:24:42,0.6,50,59500
20240219,11:24:43,0.6,50,59500
20240219,11:24:44,0.6,50,59500
20240219,11:24:45,0.6,50,59500
20240219,11:24:46,0.6,50,59500
20240219,11:24:47,0.6,50,59500
20240219,11:25:01,0.6,50,59900
20240219,11:25:02,0.6,50,59900
20240219,11:25:03,0.6,200,59900
20240219,11:25:04,0.6,200,59900
20240219,11:25:05,0.6,200,59900
20240219,11:25:06,0.6,50,59900
20240219,11:25:07,0.6,50,59900
20240219,11:25:08,0.6,50,59900
20240219,11:25:11,0.6,50,59900
20240219,11:26:04,0.55,50,59900
20240219,11:26:07,0.55,50,59900
20240219,11:26:08,0.55,50,59900
20240219,11:26:13,0.55,50,59900
20240219,11:26:14,0.55,50,59900
20240219,11:26:15,0.55,50,59900
20240219,11:26:16,0.55,50,59900
20240219,11:26:17,0.55,50,59900
20240219,11:26:18,0.55,50,59900
20240219,11:26:19,0.55,50,59900
20240219,11:26:20,0.55,50,59900
20240219,11:26:21,0.55,50,59900
20240219,11:26:22,0.55,200,59900
20240219,11:26:23,0.55,200,59900
20240219,11:26:24,0.55,200,59900
20240219,11:26:25,0.55,500,59900
20240219,11:28:22,0.6,100,59900
20240219,11:28:51,0.6,50,59900
20240219,11:28:53,0.6,50,59900
20240219,11:28:54,0.6,50,59900
20240219,11:28:55,0.6,50,59900
20240219,11:28:56,0.6,50,59900
20240219,11:28:57,0.6,50,59900
20240219,11:28:58,0.6,50,59900
20240219,11:28:59,0.6,50,59900
20240219,11:29:00,0.6,50,59900
20240219,11:29:01,0.6,50,59900
20240219,11:29:02,0.6,50,59900
20240219,11:29:03,0.6,50,59900
20240219,11:29:04,0.6,50,59900
20240219,11:29:05,0.6,50,59900
20240219,11:29:06,0.6,50,59900
20240219,11:29:07,0.6,50,59900
20240219,11:29:08,0.6,50,59900
20240219,11:29:09,0.6,50,59900
20240219,11:29:10,0.6,50,59900
20240219,11:29:11,0.6,50,59900
20240219,11:29:12,0.6,50,59900
20240219,11:29:13,0.6,50,59900
20240219,11:29:14,0.6,200,59900
20240219,11:29:24,0.6,50,59900
20240219,11:29:25,0.6,50,59900
20240219,11:29:26,0.6,50,59900
20240219,11:29:27,0.6,50,59900
20240219,11:29:28,0.6,50,59900
20240219,11:29:29,0.6,50,59900
20240219,11:29:30,0.6,200,59900
20240219,11:29:31,0.6,200,59900
20240219,11:29:32,0.6,50,59900
20240219,11:29:34,0.6,50,59900
20240219,11:29:35,0.6,50,59900
20240219,11:29:36,0.6,50,59900
20240219,11:29:37,0.6,50,59900
20240219,11:29:38,0.6,50,59900
20240219,11:29:39,0.6,50,59900
20240219,11:29:40,0.6,50,59900
20240219,11:29:41,0.6,50,59900
20240219,11:29:42,0.6,50,59900
20240219,11:29:43,0.6,50,59900
20240219,11:29:44,0.6,200,59900
20240219,11:29:45,0.6,200,59900
20240219,11:29:46,0.6,200,59900
20240219,11:29:51,0.6,50,59900
20240219,11:29:52,0.6,50,59900
20240219,11:29:53,0.6,50,59900
20240219,11:29:54,0.6,50,59900
20240219,11:29:55,0.6,50,59900
20240219,11:29:56,0.6,50,59900
20240219,11:29:57,0.6,50,59900
20240219,11:29:59,0.6,50,59900
20240219,11:30:00,0.6,50,59900
20240219,11:30:17,0.6,50,59900
20240219,11:30:18,0.6,50,59900
20240219,11:30:19,0.6,200,59900
20240219,11:30:20,0.6,200,59900
20240219,11:30:21,0.6,200,59900
20240219,11:30:24,0.6,50,59900
20240219,11:30:25,0.6,50,59900
20240219,11:30:33,0.6,200,59900
20240219,11:30:34,0.6,200,59900
20240219,11:30:35,0.6,200,59900
20240219,11:30:37,0.6,50,59900
20240219,11:31:05,0.6,50,59900
20240219,11:31:07,0.6,50,59900
20240219,11:31:58,0.6,1800,59900
20240219,11:32:01,0.6,1800,59900
20240219,11:32:14,0.6,1800,59900
20240219,11:32:15,0.6,550,59900
20240219,11:32:16,0.6,100,59900
20240219,11:32:22,0.6,200,59900
20240219,11:32:26,0.65,1000,59900
20240219,11:32:27,0.6,1650,59900
20240219,11:32:28,0.6,50,59900
20240219,11:32:31,0.6,50,59900
20240219,11:32:32,0.6,300,59900
20240219,11:32:35,0.6,200,59900
20240219,11:32:35,0.6,1550,59900
20240219,11:32:52,0.55,50,59900
20240219,11:32:53,0.55,50,59900
20240219,11:32:54,0.55,50,59900
20240219,11:32:55,0.55,200,59900
20240219,11:32:56,0.55,200,59900
20240219,11:32:57,0.55,200,59900
20240219,11:32:58,0.55,200,59900
20240219,11:32:59,0.55,200,59900
20240219,11:33:00,0.55,200,59900
20240219,11:33:01,0.55,200,59900
20240219,11:33:02,0.55,200,59900
20240219,11:33:03,0.55,200,59900
20240219,11:33:04,0.55,200,59900
20240219,11:33:05,0.55,200,59900
20240219,11:33:06,0.55,200,59900
20240219,11:33:07,0.55,200,59900
20240219,11:33:08,0.55,200,59900
20240219,11:33:09,0.55,200,59900
20240219,11:33:10,0.55,200,59900
20240219,11:33:11,0.55,200,59900
20240219,11:33:14,0.55,50,59900
20240219,11:33:15,0.55,50,59900
20240219,11:33:16,0.55,200,59900
20240219,11:33:17,0.55,200,59900
20240219,11:33:18,0.55,200,59900
20240219,11:33:19,0.55,50,59900
20240219,11:33:20,0.55,50,59900
20240219,11:33:21,0.55,50,59900
20240219,11:33:22,0.55,50,59900
20240219,11:33:23,0.55,50,59900
20240219,11:33:24,0.55,50,59900
20240219,11:33:25,0.55,200,59900
20240219,11:33:26,0.55,200,59900
20240219,11:34:59,0.6,150,59900
20240219,11:35:46,0.55,150,63950
20240219,11:36:04,0.6,150,63950
20240219,11:36:51,0.6,50,63950
20240219,11:36:52,0.6,50,64100
20240219,11:36:53,0.6,50,64100
20240219,11:36:54,0.6,50,64100
20240219,11:36:55,0.6,50,64100
20240219,11:36:56,0.6,50,64100
20240219,11:36:57,0.6,150,64100
20240219,11:36:58,0.6,150,64100
20240219,11:36:59,0.6,200,64100
20240219,11:37:01,0.6,50,64100
20240219,11:37:02,0.6,50,64100
20240219,11:37:03,0.6,50,64100
20240219,11:37:04,0.6,50,64100
20240219,11:37:05,0.6,50,64100
20240219,11:37:06,0.6,200,64100
20240219,11:37:07,0.6,200,64100
20240219,11:37:08,0.6,200,64100
20240219,11:37:09,0.6,50,64100
20240219,11:37:10,0.6,50,64100
20240219,11:37:11,0.6,50,64100
20240219,11:37:12,0.6,50,64100
20240219,11:37:13,0.6,50,64100
20240219,11:37:14,0.6,50,64100
20240219,11:37:15,0.6,50,64100
20240219,11:37:18,0.6,50,64100
20240219,11:37:19,0.6,50,64100
20240219,11:37:21,0.6,50,64100
20240219,11:38:17,0.6,150,64100
20240219,11:38:22,0.6,1400,64100
20240219,11:39:38,0.6,50,64100
20240219,11:39:39,0.6,50,64100
20240219,11:39:40,0.6,50,64100
20240219,11:39:41,0.6,50,64100
20240219,11:39:42,0.6,50,64100
20240219,11:39:43,0.6,50,64100
20240219,11:39:44,0.6,50,64100
20240219,11:39:45,0.6,50,64100
20240219,11:39:46,0.6,50,64100
20240219,11:39:47,0.6,50,64100
20240219,11:39:48,0.6,50,64100
20240219,11:39:49,0.6,50,64100
20240219,11:39:50,0.6,50,64100
20240219,11:39:51,0.6,50,67200
20240219,11:39:52,0.6,50,67200
20240219,11:39:53,0.6,50,67200
20240219,11:39:54,0.6,50,67200
20240219,11:39:55,0.6,200,67200
20240219,11:39:56,0.6,200,67200
20240219,11:39:57,0.6,200,67200
20240219,11:39:58,0.6,50,67200
20240219,11:39:59,0.6,50,67200
20240219,11:40:00,0.6,50,67200
20240219,11:40:01,0.6,50,67200
20240219,11:40:02,0.6,50,67200
20240219,11:40:03,0.6,200,67200
20240219,11:40:04,0.6,200,67200
20240219,11:40:05,0.6,200,67200
20240219,11:40:06,0.6,200,67200
20240219,11:40:07,0.6,200,67200
20240219,11:40:13,0.6,50,67200
20240219,11:40:15,0.6,50,67200
20240219,11:40:16,0.6,50,67200
20240219,11:40:17,0.6,50,67200
20240219,11:40:18,0.6,50,67200
20240219,11:40:19,0.6,50,67200
20240219,11:40:20,0.6,50,67200
20240219,11:40:21,0.6,50,67200
20240219,11:40:22,0.6,50,67200
20240219,11:40:23,0.6,50,67200
20240219,11:40:24,0.6,100,67200
20240219,11:40:25,0.6,200,67200
20240219,11:40:26,0.6,200,67200
20240219,11:40:27,0.6,200,67200
20240219,11:40:28,0.6,50,67200
20240219,11:40:29,0.6,50,67200
20240219,11:40:30,0.6,50,67200
20240219,11:40:31,0.6,50,67200
20240219,11:40:32,0.6,200,67200
20240219,11:40:33,0.6,200,67200
20240219,11:40:34,0.6,50,67200
20240219,11:40:36,0.6,50,67200
20240219,11:40:37,0.6,50,67200
20240219,11:40:38,0.6,50,67200
20240219,11:40:39,0.6,50,67200
20240219,11:40:40,0.6,50,67200
20240219,11:40:41,0.6,50,67200
20240219,11:40:42,0.6,50,67200
20240219,11:40:43,0.6,50,67200
20240219,11:40:44,0.6,50,67200
20240219,11:40:45,0.6,50,67200
20240219,11:40:46,0.6,50,67200
20240219,11:40:47,0.6,200,67200
20240219,11:40:48,0.6,200,67200
20240219,11:40:49,0.6,200,67200
20240219,11:40:50,0.6,200,67200
20240219,11:40:52,0.6,50,67200
20240219,11:40:53,0.6,50,67200
20240219,11:40:54,0.6,50,67200
20240219,11:40:55,0.6,50,67200
20240219,11:40:56,0.6,50,67200
20240219,11:40:57,0.6,50,67200
20240219,11:40:58,0.65,100,67200
20240219,11:40:59,0.65,100,67200
20240219,11:41:00,0.65,50,67200
20240219,11:41:01,0.65,50,67200
20240219,11:41:02,0.65,200,67200
20240219,11:41:03,0.65,200,67200
20240219,11:41:04,0.65,200,67200
20240219,11:41:05,0.65,200,67200
20240219,11:41:06,0.65,200,67200
20240219,11:41:07,0.65,200,67200
20240219,11:41:08,0.65,200,67200
20240219,11:41:09,0.65,50,67200
20240219,11:41:10,0.65,50,67200
20240219,11:41:11,0.65,50,67200
20240219,11:41:12,0.65,200,67200
20240219,11:41:13,0.65,200,67200
20240219,11:41:14,0.65,200,67200
20240219,11:41:15,0.65,50,67200
20240219,11:41:16,0.65,50,67200
20240219,11:41:17,0.65,50,67200
20240219,11:41:18,0.65,50,67200
20240219,11:41:19,0.65,200,67200
20240219,11:41:20,0.65,200,67200
20240219,11:41:21,0.65,200,67200
20240219,11:41:22,0.65,200,67200
20240219,11:41:23,0.65,50,67200
20240219,11:41:24,0.65,50,67200
20240219,11:41:25,0.65,50,67200
20240219,11:41:26,0.65,50,67200
20240219,11:41:27,0.65,200,67200
20240219,11:41:28,0.65,200,67200
20240219,11:41:29,0.65,200,67200
20240219,11:42:01,0.65,50,67200
20240219,11:42:02,0.65,50,67200
20240219,11:42:03,0.65,50,67200
20240219,11:42:04,0.65,50,67200
20240219,11:42:05,0.65,50,67200
20240219,11:42:06,0.65,50,67200
20240219,11:42:07,0.65,50,67200
20240219,11:42:08,0.65,50,67200
20240219,11:42:09,0.65,50,67200
20240219,11:42:10,0.65,50,67200
20240219,11:42:11,0.65,50,67200
20240219,11:42:12,0.65,50,67200
20240219,11:42:13,0.65,50,67200
20240219,11:42:14,0.65,50,67200
20240219,11:42:15,0.65,50,67200
20240219,11:42:16,0.65,50,67200
20240219,11:42:45,0.65,50,67200
20240219,11:42:46,0.65,50,67200
20240219,11:42:48,0.65,50,67200
20240219,11:42:49,0.65,50,67200
20240219,11:42:50,0.65,50,67200
20240219,11:42:51,0.65,50,67550
20240219,11:42:52,0.65,50,67550
20240219,11:42:53,0.65,50,67550
20240219,11:42:56,0.65,50,67550
20240219,11:42:57,0.65,50,67550
20240219,11:42:59,0.65,50,67550
20240219,11:43:00,0.65,50,67550
20240219,11:43:08,0.65,50,67550
20240219,11:43:14,0.65,50,67550
20240219,11:43:15,0.65,50,67550
20240219,11:43:16,0.65,50,67550
20240219,11:43:17,0.65,50,67550
20240219,11:43:34,0.65,50,67550
20240219,11:43:35,0.65,50,67550
20240219,11:43:54,0.65,50,67550
20240219,11:43:55,0.65,50,67550
20240219,11:43:56,0.65,50,67550
20240219,11:43:57,0.65,50,67550
20240219,11:43:58,0.65,50,67550
20240219,11:43:59,0.65,50,67550
20240219,11:44:03,0.65,50,67550
20240219,11:44:06,0.65,50,67550
20240219,11:44:07,0.65,50,67550
20240219,11:44:09,0.65,50,67550
20240219,11:44:10,0.65,50,67550
20240219,11:45:49,0.6,1400,67550
20240219,11:50:09,0.6,50,67600
20240219,11:50:52,0.6,50,67600
20240219,11:50:55,0.65,250,67600
20240219,11:52:22,0.6,150,67600
20240219,11:52:40,0.6,1650,67600
20240219,11:52:41,0.6,2550,67600
20240219,11:52:45,0.6,50,67600
20240219,11:53:54,0.6,50,67600
20240219,11:55:05,0.55,50,67600
20240219,11:55:06,0.55,50,70400
20240219,11:55:07,0.55,50,70400
20240219,11:55:08,0.55,50,70400
20240219,11:55:09,0.55,200,70400
20240219,11:55:10,0.55,200,70400
20240219,11:55:11,0.55,200,70400
20240219,11:55:13,0.55,50,70400
20240219,11:55:14,0.55,50,70400
20240219,11:55:15,0.55,50,70400
20240219,11:55:16,0.55,50,70400
20240219,11:55:17,0.55,200,70400
20240219,11:55:18,0.55,200,70400
20240219,11:55:19,0.55,200,70400
20240219,11:55:20,0.55,200,70400
20240219,11:55:21,0.55,200,70400
20240219,11:55:22,0.55,50,70400
20240219,11:55:23,0.55,200,70400
20240219,11:55:24,0.55,200,70400
20240219,11:55:25,0.55,200,70400
20240219,11:55:26,0.55,200,70400
20240219,11:55:27,0.55,50,70400
20240219,11:55:28,0.55,50,70400
20240219,11:55:29,0.55,50,70400
20240219,11:55:30,0.55,200,70400
20240219,11:55:31,0.55,200,70400
20240219,11:55:32,0.55,200,70400
20240219,11:55:33,0.55,200,70400
20240219,11:55:35,0.55,50,70400
20240219,11:55:36,0.55,50,70400
20240219,11:55:37,0.55,50,70400
20240219,11:55:38,0.55,50,70400
20240219,11:55:42,0.55,50,70400
20240219,11:55:43,0.55,50,70400
20240219,11:55:44,0.55,50,70400
20240219,11:55:45,0.55,50,70400
20240219,11:55:46,0.55,50,70400
20240219,11:55:47,0.55,50,70400
20240219,11:55:48,0.55,50,70400
20240219,11:55:49,0.55,50,70400
20240219,11:55:50,0.55,200,70400
20240219,11:55:51,0.55,200,70400
20240219,11:55:52,0.55,50,70400
20240219,11:55:53,0.55,50,70400
20240219,11:55:54,0.55,50,70400
20240219,11:55:55,0.55,200,70400
20240219,11:55:56,0.55,200,70400
20240219,11:55:57,0.55,200,70400
20240219,11:55:58,0.55,200,70400
20240219,11:55:59,0.55,200,70400
20240219,11:56:01,0.55,50,70400
20240219,11:56:02,0.55,50,70400
20240219,11:56:03,0.55,200,70400
20240219,11:56:04,0.55,200,70400
20240219,11:56:05,0.55,50,70400
20240219,11:57:16,0.6,50,70400
20240219,11:57:17,0.6,50,70400
20240219,11:57:18,0.6,200,70400
20240219,11:57:19,0.6,200,70400
20240219,11:57:21,0.6,50,70400
20240219,11:57:22,0.6,50,70400
20240219,11:58:11,0.55,50,70400
20240219,11:58:12,0.55,50,70500
20240219,11:58:13,0.55,50,70500
20240219,11:58:14,0.55,200,70500
20240219,11:58:15,0.55,200,70500
20240219,11:58:16,0.55,200,70500
20240219,11:58:17,0.55,200,70500
20240219,11:58:18,0.55,200,70500
20240219,11:58:19,0.55,50,70500
20240219,11:58:20,0.55,50,70500
20240219,11:58:21,0.55,50,70500
20240219,11:58:22,0.55,50,70500
20240219,11:58:23,0.55,200,70500
20240219,11:58:24,0.55,200,70500
20240219,11:58:25,0.55,200,70500
20240219,11:58:26,0.55,200,70500
20240219,11:58:27,0.55,200,70500
20240219,11:58:28,0.55,200,70500
20240219,11:58:29,0.55,200,70500
20240219,11:58:30,0.55,200,70500
20240219,11:58:31,0.55,200,70500
20240219,11:58:32,0.55,200,70500
20240219,11:58:33,0.55,200,70500
20240219,11:58:34,0.55,200,70500
20240219,11:58:35,0.55,200,70500
20240219,11:58:36,0.55,200,70500
20240219,11:58:37,0.55,200,70500
20240219,11:58:38,0.55,200,70500
20240219,11:58:39,0.55,200,70500
20240219,11:58:40,0.55,200,70500
20240219,11:58:41,0.55,50,70500
20240219,11:58:42,0.55,50,70500
20240219,11:58:43,0.55,200,70500
20240219,11:58:44,0.55,200,70500
20240219,11:58:45,0.55,200,70500
20240219,11:58:46,0.55,200,70500
20240219,11:58:47,0.55,200,70500
20240219,11:58:48,0.55,200,70500
20240219,11:58:49,0.55,200,70500
20240219,11:58:50,0.55,200,70500
20240219,11:58:53,0.55,200,70500
20240219,11:58:54,0.55,200,70500
20240219,11:58:56,0.55,200,70500
20240219,11:58:57,0.55,200,70500
20240219,11:58:58,0.55,200,70500
20240219,11:58:59,0.55,200,70500
20240219,11:59:00,0.55,2000,70500
20240219,11:59:01,0.55,200,70500
20240219,11:59:02,0.55,200,70500
20240219,11:59:03,0.55,200,70500
20240219,11:59:04,0.55,200,70500
20240219,11:59:05,0.55,200,70500
20240219,11:59:06,0.55,200,70500
20240219,11:59:07,0.55,200,70500
20240219,11:59:08,0.55,200,70500
20240219,11:59:09,0.55,200,70500
20240219,11:59:10,0.55,200,70500
20240219,11:59:11,0.55,150,70500
20240219,11:59:12,0.55,150,70500
20240219,11:59:13,0.55,150,70500
20240219,12:00:41,0.55,200,70500
20240219,12:00:42,0.55,200,70500
20240219,12:00:43,0.55,200,70500
20240219,12:00:44,0.55,200,70500
20240219,12:00:45,0.55,200,70500
20240219,12:00:46,0.55,200,70500
20240219,12:00:57,0.55,200,70500
20240219,12:00:58,0.55,200,70500
20240219,12:00:59,0.55,200,70500
20240219,12:01:00,0.55,200,70500
20240219,12:01:01,0.55,200,70500
20240219,12:01:04,0.55,200,70500
20240219,12:01:05,0.55,200,70500
20240219,12:02:04,0.6,50,70500
20240219,12:02:22,0.55,50,70500
20240219,12:03:47,0.6,1500,70500
20240219,12:04:04,0.55,4600,70500
20240219,12:04:05,0.55,1000,71550
20240219,12:04:28,0.55,1500,71550
20240219,12:04:29,0.55,9400,71550
20240219,12:04:30,0.55,6600,71550
20240219,12:04:31,0.55,1000,71550
20240219,12:05:08,0.55,1800,71550
20240219,12:05:44,0.55,1000,71550
20240219,12:06:19,0.55,1000,71550
20240219,12:06:19,0.55,2350,71550
20240219,12:06:20,0.55,50,71550
20240219,12:06:21,0.55,100,71550
20240219,12:06:22,0.55,50,71550
20240219,12:06:26,0.55,100,71550
20240219,12:06:52,0.55,50,71550
20240219,12:06:53,0.55,50,71550
20240219,12:06:54,0.55,50,71550
20240219,12:06:55,0.55,50,79900
20240219,12:06:56,0.55,100,79900
20240219,12:06:57,0.55,100,79900
20240219,12:06:58,0.55,150,79900
20240219,12:06:59,0.55,50,79900
20240219,12:07:00,0.55,50,79900
20240219,12:07:01,0.55,50,79900
20240219,12:07:02,0.55,50,79900
20240219,12:07:03,0.55,50,79900
20240219,12:07:04,0.55,150,79900
20240219,12:07:05,0.55,150,79900
20240219,12:07:07,0.55,300,79900
20240219,12:07:08,0.55,50,79900
20240219,12:07:09,0.55,50,79900
20240219,12:07:10,0.55,50,79900
20240219,12:07:12,0.55,50,79900
20240219,12:07:13,0.55,50,79900
20240219,12:07:23,0.55,50,79900
20240219,12:07:24,0.55,50,79900
20240219,12:07:25,0.55,50,79900
20240219,12:07:26,0.55,50,79900
20240219,12:07:27,0.55,50,79900
20240219,12:07:28,0.55,150,79900
20240219,12:07:29,0.55,250,79900
20240219,12:07:30,0.55,150,79900
20240219,12:07:31,0.6,50,79900
20240219,12:07:32,0.6,50,79900
20240219,12:07:33,0.6,50,79900
20240219,12:07:34,0.6,50,79900
20240219,12:07:35,0.6,50,79900
20240219,12:07:48,0.6,50,79900
20240219,12:07:49,0.6,50,79900
20240219,12:07:50,0.6,50,79900
20240219,12:07:51,0.6,50,79900
20240219,12:07:52,0.6,50,79900
20240219,12:07:53,0.6,50,79900
20240219,12:07:54,0.6,50,79900
20240219,12:07:55,0.6,50,79900
20240219,12:07:56,0.6,50,79900
20240219,12:07:58,0.6,100,79900
20240219,12:07:59,0.6,50,79900
20240219,12:08:00,0.6,50,79900
20240219,12:08:01,0.6,50,79900
20240219,12:08:02,0.6,50,79900
20240219,12:08:04,0.6,100,79900
20240219,12:08:05,0.6,50,79900
20240219,12:08:06,0.6,50,79900
20240219,12:08:07,0.6,50,79900
20240219,12:08:08,0.6,50,79900
20240219,12:08:09,0.6,50,79900
20240219,12:08:10,0.6,50,79900
20240219,12:08:11,0.6,50,79900
20240219,12:08:12,0.6,50,79900
20240219,12:08:13,0.6,200,79900
20240219,12:08:14,0.6,200,79900
20240219,12:08:15,0.6,50,79900
20240219,12:08:17,0.6,50,79900
20240219,12:08:18,0.6,50,79900
20240219,12:08:19,0.6,50,79900
20240219,12:08:20,0.6,50,79900
20240219,12:08:21,0.6,50,79900
20240219,12:08:23,0.6,50,79900
20240219,12:08:24,0.6,50,79900
20240219,12:08:25,0.6,50,79900
20240219,12:08:26,0.6,50,79900
20240219,12:08:27,0.6,50,79900
20240219,12:08:28,0.6,50,79900
20240219,12:08:29,0.6,50,79900
20240219,12:08:30,0.6,50,79900
20240219,12:08:31,0.6,50,79900
20240219,12:08:32,0.6,50,79900
20240219,12:08:33,0.6,50,79900
20240219,12:08:34,0.6,50,79900
20240219,12:13:14,0.55,100,80500
20240219,12:13:32,0.55,1350,80500
20240219,12:13:35,0.55,50,80500
20240219,12:13:46,0.55,100,80500
20240219,12:14:07,0.5,1800,80500
20240219,12:14:43,0.5,50,80500
20240219,12:14:44,0.5,50,80500
20240219,12:14:45,0.5,200,80500
20240219,12:14:46,0.5,200,80500
20240219,12:14:47,0.5,200,80500
20240219,12:14:48,0.5,50,80500
20240219,12:14:49,0.5,50,80500
20240219,12:14:50,0.5,50,80500
20240219,12:14:51,0.5,50,80500
20240219,12:14:52,0.5,50,80500
20240219,12:14:53,0.5,50,80500
20240219,12:14:54,0.5,50,80500
20240219,12:14:55,0.5,50,80500
20240219,12:14:56,0.5,50,80500
20240219,12:14:57,0.5,50,80500
20240219,12:14:58,0.5,200,80500
20240219,12:14:59,0.5,200,80500
20240219,12:15:00,0.5,200,80500
20240219,12:15:01,0.5,50,80500
20240219,12:15:02,0.5,50,80500
20240219,12:15:03,0.5,50,80500
20240219,12:15:04,0.5,50,80500
20240219,12:15:05,0.5,50,80500
20240219,12:15:06,0.5,50,80500
20240219,12:15:07,0.5,50,80500
20240219,12:15:08,0.5,50,80500
20240219,12:15:09,0.5,50,80500
20240219,12:15:10,0.5,50,80500
20240219,12:15:11,0.5,50,80500
20240219,12:15:12,0.5,50,80500
20240219,12:15:13,0.5,50,80500
20240219,12:15:14,0.5,50,80500
20240219,12:15:15,0.5,50,80500
20240219,12:15:16,0.5,50,80500
20240219,12:15:17,0.5,50,80500
20240219,12:15:18,0.5,50,80500
20240219,12:15:19,0.5,50,80500
20240219,12:15:20,0.5,50,80500
20240219,12:15:21,0.5,50,80500
20240219,12:15:22,0.5,50,80500
20240219,12:15:23,0.5,50,80500
20240219,12:15:24,0.5,200,80500
20240219,12:15:25,0.5,200,80500
20240219,12:15:26,0.5,200,80500
20240219,12:15:27,0.5,150,80500
20240219,12:15:28,0.5,150,80500
20240219,12:15:29,0.5,150,80500
20240219,12:15:30,0.5,150,80500
20240219,12:15:31,0.5,150,80500
20240219,12:15:32,0.5,150,80500
20240219,12:15:51,0.5,50,80500
20240219,12:16:53,0.5,150,80500
20240219,12:16:54,0.5,150,79750
20240219,12:16:55,0.5,150,79750
20240219,12:16:56,0.5,150,79750
20240219,12:17:04,0.5,150,79750
20240219,12:17:05,0.5,150,79750
20240219,12:17:34,0.55,50,79750
20240219,12:18:10,0.5,50,79750
20240219,12:18:54,0.5,50,79750
20240219,12:19:10,0.5,150,79750
20240219,12:19:11,0.5,150,79750
20240219,12:19:12,0.5,150,79750
20240219,12:21:08,0.5,200,79750
20240219,12:21:09,0.5,200,79750
20240219,12:21:10,0.5,200,79750
20240219,12:22:44,0.55,50,79750
20240219,12:22:45,0.55,50,79750
20240219,12:23:45,0.5,550,79750
20240219,12:23:52,0.5,350,79750
20240219,12:23:52,0.5,1000,79750
20240219,12:25:27,0.55,50,81100
20240219,12:25:42,0.55,50,81100
20240219,12:25:50,0.55,50,81100
20240219,12:25:52,0.55,50,81100
20240219,12:25:53,0.55,50,81100
20240219,12:25:54,0.55,50,81100
20240219,12:25:57,0.55,50,81100
20240219,12:25:58,0.55,50,81100
20240219,12:25:59,0.55,50,81100
20240219,12:26:00,0.55,50,81100
20240219,12:26:01,0.55,50,81100
20240219,12:26:02,0.55,50,81100
20240219,12:26:03,0.55,50,81100
20240219,12:26:04,0.55,50,81100
20240219,12:26:05,0.55,100,81100
20240219,12:26:06,0.55,100,81100
20240219,12:26:07,0.55,100,81100
20240219,12:26:08,0.55,150,81100
20240219,12:26:09,0.55,200,81100
20240219,12:26:10,0.55,150,81100
20240219,12:26:11,0.55,150,81100
20240219,12:26:12,0.55,150,81100
20240219,12:26:13,0.55,150,81100
20240219,12:26:14,0.55,150,81100
20240219,12:26:15,0.55,150,81100
20240219,12:26:16,0.55,150,81100
20240219,12:26:17,0.55,150,81100
20240219,12:26:18,0.55,150,81100
20240219,12:26:19,0.55,150,81100
20240219,12:26:23,0.55,50,81100
20240219,12:26:50,0.55,50,81100
20240219,12:27:08,0.55,50,81100
20240219,12:27:09,0.55,50,81100
20240219,12:27:10,0.55,150,81100
20240219,12:27:11,0.55,150,81100
20240219,12:27:12,0.55,150,81100
20240219,12:27:13,0.55,50,81100
20240219,12:27:14,0.55,50,81100
20240219,12:27:15,0.55,150,81100
20240219,12:27:16,0.55,150,81100
20240219,12:27:17,0.55,150,81100
20240219,12:27:18,0.55,50,81100
20240219,12:27:19,0.55,50,81100
20240219,12:27:20,0.55,50,81100
20240219,12:27:21,0.55,50,81100
20240219,12:27:22,0.55,50,81100
20240219,12:27:23,0.55,50,81100
20240219,12:27:24,0.55,50,81100
20240219,12:27:25,0.55,50,81100
20240219,12:27:26,0.55,50,81100
20240219,12:27:27,0.55,50,81100
20240219,12:27:28,0.55,50,81100
20240219,12:27:29,0.55,50,81100
20240219,12:27:30,0.55,50,81100
20240219,12:27:31,0.55,50,81100
20240219,12:27:32,0.55,50,81100
20240219,12:27:33,0.55,50,81100
20240219,12:27:34,0.55,50,81100
20240219,12:27:36,0.55,50,81100
20240219,12:30:01,0.5,50,81100
20240219,12:30:02,0.5,50,81900
20240219,12:30:03,0.5,50,81900
20240219,12:30:32,0.55,50,81900
20240219,12:31:10,0.55,50,81900
20240219,12:31:11,0.55,50,81900
20240219,12:31:12,0.55,50,81900
20240219,12:31:13,0.55,50,81900
20240219,12:31:14,0.55,50,81900
20240219,12:31:15,0.55,50,81900
20240219,12:31:16,0.55,50,81900
20240219,12:31:17,0.55,50,81900
20240219,12:31:18,0.55,50,81900
20240219,12:31:19,0.55,50,81900
20240219,12:31:29,0.55,50,81900
20240219,12:31:30,0.55,50,81900
20240219,12:31:31,0.55,50,81900
20240219,12:31:32,0.55,50,81900
20240219,12:31:33,0.55,150,81900
20240219,12:31:34,0.55,150,81900
20240219,12:31:35,0.55,150,81900
20240219,12:31:36,0.55,50,81900
20240219,12:31:37,0.55,50,81900
20240219,12:31:38,0.55,50,81900
20240219,12:31:39,0.55,50,81900
20240219,12:31:40,0.55,50,81900
20240219,12:31:41,0.55,50,81900
20240219,12:34:43,0.5,50,81900
20240219,12:34:44,0.5,50,81900
20240219,12:34:45,0.5,50,81900
20240219,12:34:46,0.5,50,81900
20240219,12:34:48,0.5,50,81900
20240219,12:34:52,0.5,50,81900
20240219,12:34:53,0.5,50,81900
20240219,12:34:54,0.5,50,81900
20240219,12:34:55,0.5,50,81900
20240219,12:34:56,0.5,50,81900
20240219,12:34:57,0.5,50,81900
20240219,12:34:58,0.5,50,81900
20240219,12:34:59,0.5,50,81900
20240219,12:35:03,0.5,50,81900
20240219,12:35:04,0.5,50,81900
20240219,12:35:05,0.5,50,81900
20240219,12:35:06,0.5,50,81900
20240219,12:35:16,0.5,50,81900
20240219,12:35:17,0.5,50,81900
20240219,12:35:18,0.5,50,81900
20240219,12:35:19,0.5,50,81900
20240219,12:35:20,0.5,50,81900
20240219,12:35:21,0.5,50,81900
20240219,12:35:22,0.5,50,81900
20240219,12:35:23,0.5,50,81900
20240219,12:35:24,0.5,50,81900
20240219,12:35:25,0.5,50,81900
20240219,12:35:26,0.5,50,81900
20240219,12:35:27,0.5,50,81900
20240219,12:35:28,0.5,50,81900
20240219,12:35:29,0.5,50,81900
20240219,12:35:30,0.5,50,81900
20240219,12:35:31,0.5,50,81900
20240219,12:35:32,0.5,200,81900
20240219,12:35:33,0.5,200,81900
20240219,12:35:34,0.5,200,81900
20240219,12:35:35,0.5,200,81900
20240219,12:35:36,0.5,200,81900
20240219,12:35:37,0.5,200,81900
20240219,12:35:38,0.5,200,81900
20240219,12:35:39,0.5,50,81900
20240219,12:35:40,0.5,50,81900
20240219,12:35:41,0.5,50,81900
20240219,12:35:42,0.5,50,81900
20240219,12:35:43,0.5,50,81900
20240219,12:35:44,0.5,50,81900
20240219,12:35:45,0.5,50,81900
20240219,12:35:46,0.5,50,81900
20240219,12:35:47,0.5,50,81900
20240219,12:35:48,0.5,50,81900
20240219,12:35:49,0.5,50,81900
20240219,12:35:50,0.5,50,81900
20240219,12:35:51,0.5,50,81900
20240219,12:35:52,0.5,50,81900
20240219,12:35:53,0.5,50,81900
20240219,12:35:54,0.5,50,81900
20240219,12:35:55,0.5,50,81900
20240219,12:35:56,0.5,50,81900
20240219,12:35:57,0.5,50,81900
20240219,12:35:58,0.5,50,81900
20240219,12:35:59,0.5,50,81900
20240219,12:36:00,0.5,50,81900
20240219,12:36:01,0.5,50,81900
20240219,12:36:02,0.5,50,81900
20240219,12:36:03,0.5,200,81900
20240219,12:36:04,0.5,200,81900
20240219,12:36:05,0.5,200,81900
20240219,12:36:06,0.5,50,81900
20240219,12:36:07,0.5,50,81900
20240219,12:36:08,0.5,50,81900
20240219,12:36:09,0.5,50,81900
20240219,12:36:10,0.5,50,81900
20240219,12:36:11,0.5,50,81900
20240219,12:36:12,0.5,50,81900
20240219,12:36:13,0.5,50,81900
20240219,12:36:14,0.5,50,81900
20240219,12:36:15,0.5,50,81900
20240219,12:36:16,0.5,50,81900
20240219,12:36:17,0.5,50,81900
20240219,12:36:18,0.5,50,81900
20240219,12:36:19,0.5,50,81900
20240219,12:36:20,0.5,50,81900
20240219,12:36:21,0.5,50,81900
20240219,12:36:22,0.5,50,81900
20240219,12:36:23,0.5,50,81900
20240219,12:36:24,0.5,50,81900
20240219,12:36:25,0.5,50,81900
20240219,12:36:26,0.5,50,81900
20240219,12:36:27,0.5,50,81900
20240219,12:36:28,0.5,50,81900
20240219,12:36:29,0.5,50,81900
20240219,12:36:30,0.5,50,81900
20240219,12:36:31,0.5,50,81900
20240219,12:36:32,0.5,50,81900
20240219,12:36:33,0.5,50,81900
20240219,12:36:34,0.5,100,81900
20240219,12:36:35,0.5,200,81900
20240219,12:36:36,0.5,200,81900
20240219,12:39:26,0.5,100,81900
20240219,12:40:29,0.5,150,81900
20240219,12:42:19,0.55,50,81900
20240219,12:42:20,0.55,50,81900
20240219,12:42:21,0.55,100,81900
20240219,12:42:22,0.55,150,81900
20240219,12:42:23,0.55,150,81900
20240219,12:42:24,0.55,150,81900
20240219,12:42:25,0.55,150,81900
20240219,12:42:26,0.55,150,81900
20240219,12:42:27,0.55,150,81900
20240219,12:42:28,0.55,150,81900
20240219,12:42:29,0.55,150,81900
20240219,12:42:30,0.55,150,81900
20240219,12:42:31,0.55,150,81900
20240219,12:42:32,0.55,150,81900
20240219,12:42:33,0.55,200,81900
20240219,12:42:34,0.55,200,81900
20240219,12:42:35,0.55,200,81900
20240219,12:42:36,0.55,200,81900
20240219,12:42:37,0.55,200,81900
20240219,12:42:38,0.55,200,81900
20240219,12:42:39,0.55,200,81900
20240219,12:42:40,0.55,50,81900
20240219,12:42:41,0.55,50,81900
20240219,12:42:42,0.55,50,81900
20240219,12:42:43,0.55,50,81900
20240219,12:42:44,0.55,200,81900
20240219,12:42:45,0.55,200,81900
20240219,12:42:46,0.55,200,81900
20240219,12:42:47,0.55,200,81900
20240219,12:42:48,0.55,200,81900
20240219,12:42:49,0.55,200,81900
20240219,12:42:50,0.55,200,81900
20240219,12:42:51,0.55,200,81900
20240219,12:42:52,0.55,200,81900
20240219,12:42:53,0.55,200,81900
20240219,12:42:54,0.55,50,81900
20240219,12:42:56,0.55,50,81900
20240219,12:42:57,0.55,50,81900
20240219,12:42:58,0.55,50,81900
20240219,12:43:00,0.55,50,81900
20240219,12:43:04,0.55,50,81900
20240219,12:43:08,0.55,50,81900
20240219,12:43:09,0.55,50,81900
20240219,12:43:10,0.55,50,81900
20240219,12:43:12,0.55,50,81900
20240219,12:43:13,0.55,50,81900
20240219,12:43:14,0.55,50,81900
20240219,12:43:15,0.55,50,81900
20240219,12:43:16,0.55,50,81900
20240219,12:43:17,0.55,50,81900
20240219,12:44:12,0.55,50,81900
20240219,12:44:13,0.55,50,81900
20240219,12:44:14,0.55,50,81900
20240219,12:44:15,0.55,50,81900
20240219,12:44:16,0.55,50,81900
20240219,12:44:17,0.55,200,81900
20240219,12:44:18,0.55,200,81900
20240219,12:44:19,0.55,50,81900
20240219,12:44:20,0.55,50,81900
20240219,12:44:22,0.55,50,81900
20240219,12:44:23,0.55,50,81900
20240219,12:44:24,0.55,50,81900
20240219,12:44:25,0.55,50,81900
20240219,12:44:26,0.55,50,81900
20240219,12:44:27,0.55,50,81900
20240219,12:44:31,0.55,50,81900
20240219,12:44:33,0.5,50,81900
20240219,12:44:56,0.55,50,81900
20240219,12:44:57,0.55,50,81900
20240219,12:44:58,0.55,50,81900
20240219,12:44:59,0.55,50,81900
20240219,12:45:00,0.55,50,81900
20240219,12:45:01,0.55,200,81900
20240219,12:45:02,0.55,200,81900
20240219,12:45:03,0.55,200,81900
20240219,12:45:04,0.55,200,81900
20240219,12:45:05,0.55,50,81900
20240219,12:45:06,0.55,50,81900
20240219,12:45:07,0.55,50,81900
20240219,12:45:08,0.55,50,81900
20240219,12:45:09,0.55,50,81900
20240219,12:45:10,0.55,50,81900
20240219,12:45:11,0.55,50,81900
20240219,12:45:14,0.55,50,81900
20240219,12:45:15,0.55,50,81900
20240219,12:45:16,0.55,50,81900
20240219,12:45:17,0.55,50,81900
20240219,12:45:18,0.55,50,81900
20240219,12:45:20,0.55,50,81900
20240219,12:45:21,0.55,50,81900
20240219,12:45:25,0.55,50,81900
20240219,12:45:26,0.55,50,81900
20240219,12:45:27,0.55,50,81900
20240219,12:45:28,0.55,50,81900
20240219,12:45:29,0.55,50,81900
20240219,12:45:30,0.55,50,81900
20240219,12:45:31,0.55,200,81900
20240219,12:45:32,0.55,200,81900
20240219,12:45:33,0.55,200,81900
20240219,12:45:34,0.55,50,81900
20240219,12:45:35,0.55,50,81900
20240219,12:45:36,0.55,50,81900
20240219,12:45:37,0.55,50,81900
20240219,12:45:38,0.55,50,81900
20240219,12:47:24,0.55,50,81900
20240219,12:47:48,0.55,50,83650
20240219,12:47:49,0.55,50,83650
20240219,12:47:50,0.55,200,83650
20240219,12:47:51,0.55,200,83650
20240219,12:47:52,0.55,200,83650
20240219,12:47:53,0.55,200,83650
20240219,12:47:54,0.55,50,83650
20240219,12:47:55,0.55,50,83650
20240219,12:47:56,0.55,200,83650
20240219,12:47:57,0.55,200,83650
20240219,12:47:58,0.55,200,83650
20240219,12:47:59,0.55,200,83650
20240219,12:48:00,0.55,200,83650
20240219,12:48:01,0.55,200,83650
20240219,12:48:02,0.55,200,83650
20240219,12:48:03,0.55,50,83650
20240219,12:48:04,0.55,50,83650
20240219,12:48:05,0.55,200,83650
20240219,12:48:06,0.55,200,83650
20240219,12:48:07,0.55,200,83650
20240219,12:48:08,0.55,200,83650
20240219,12:48:09,0.55,250,83650
20240219,12:48:20,0.55,50,83650
20240219,12:48:38,0.55,50,83650
20240219,12:48:54,0.55,50,83650
20240219,12:48:57,0.55,50,83650
20240219,12:48:58,0.55,50,83650
20240219,12:48:59,0.55,50,83650
20240219,12:49:00,0.55,50,83650
20240219,12:49:01,0.55,50,83650
20240219,12:49:02,0.55,200,83650
20240219,12:49:03,0.55,200,83650
20240219,12:49:04,0.55,200,83650
20240219,12:49:05,0.55,200,83650
20240219,12:49:06,0.55,50,83650
20240219,12:49:07,0.55,50,83650
20240219,12:49:08,0.55,50,83650
20240219,12:49:17,0.55,50,83650
20240219,12:49:18,0.55,50,83650
20240219,12:49:19,0.55,50,83650
20240219,12:49:20,0.55,50,83650
20240219,12:49:21,0.55,50,83650
20240219,12:49:22,0.55,50,83650
20240219,12:49:23,0.55,50,83650
20240219,12:49:25,0.55,50,83650
20240219,12:49:26,0.55,50,83650
20240219,12:49:27,0.55,50,83650
20240219,12:49:28,0.55,50,83650
20240219,12:50:30,0.55,50,83650
20240219,12:50:31,0.55,50,83650
20240219,12:50:32,0.55,50,83650
20240219,12:50:33,0.55,50,83650
20240219,12:50:34,0.55,50,83650
20240219,12:50:35,0.55,50,83650
20240219,12:50:36,0.55,200,83650
20240219,12:50:36,0.55,500,83650
20240219,12:50:37,0.55,200,83650
20240219,12:50:38,0.55,1000,83650
20240219,12:50:39,0.55,50,83650
20240219,12:50:40,0.55,50,83650
20240219,12:50:41,0.55,50,83650
20240219,12:50:42,0.55,50,83650
20240219,12:50:43,0.55,1600,83650
20240219,12:50:44,0.55,50,83650
20240219,12:50:45,0.55,50,83650
20240219,12:50:46,0.55,50,83650
20240219,12:50:47,0.55,50,83650
20240219,12:50:48,0.55,50,83650
20240219,12:50:49,0.55,50,83650
20240219,12:50:50,0.55,50,83650
20240219,12:50:51,0.55,50,83650
20240219,12:50:52,0.55,50,83650
20240219,12:50:53,0.55,50,83650
20240219,12:50:54,0.55,50,83650
20240219,12:50:55,0.55,50,83650
20240219,12:50:56,0.55,50,83650
20240219,12:50:57,0.55,50,83650
20240219,12:50:58,0.55,650,83650
20240219,12:50:59,0.55,50,83650
20240219,12:51:00,0.55,200,83650
20240219,12:51:01,0.55,200,83650
20240219,12:51:02,0.55,200,83650
20240219,12:51:04,0.55,50,83650
20240219,12:51:05,0.55,50,83650
20240219,12:51:06,0.55,50,83650
20240219,12:51:07,0.55,50,83650
20240219,12:51:08,0.55,50,83650
20240219,12:51:08,0.55,1600,83650
20240219,12:51:09,0.55,850,83650
20240219,12:51:10,0.55,300,83650
20240219,12:51:11,0.55,50,83650
20240219,12:51:12,0.55,200,83650
20240219,12:51:13,0.55,200,83650
20240219,12:51:14,0.55,50,83650
20240219,12:51:15,0.55,50,83650
20240219,12:51:16,0.55,50,83650
20240219,12:51:17,0.55,50,83650
20240219,12:51:18,0.55,200,83650
20240219,12:51:19,0.55,200,83650
20240219,12:51:22,0.55,50,83650
20240219,12:51:23,0.55,50,83650
20240219,12:51:28,0.55,50,83650
20240219,12:51:30,0.55,50,83650
20240219,12:51:31,0.55,50,83650
20240219,12:51:32,0.55,50,83650
20240219,12:51:33,0.55,50,83650
20240219,12:51:37,0.55,50,83650
20240219,12:51:38,0.55,50,83650
20240219,12:51:39,0.55,50,83650
20240219,12:51:40,0.55,50,83650
20240219,12:51:41,0.55,50,83650
20240219,12:51:42,0.55,50,83650
20240219,12:51:43,0.55,50,83650
20240219,12:51:44,0.55,200,83650
20240219,12:51:45,0.55,200,83650
20240219,12:51:46,0.55,1350,83650
20240219,12:51:47,0.55,500,83650
20240219,12:51:48,0.55,50,83650
20240219,12:51:48,0.55,250,83650
20240219,12:51:49,0.55,50,83650
20240219,12:51:50,0.55,50,83650
20240219,12:51:51,0.55,350,83650
20240219,12:51:53,0.55,250,83650
20240219,12:51:54,0.55,200,83650
20240219,12:51:55,0.55,200,83650
20240219,12:51:56,0.55,250,83650
20240219,12:51:59,0.55,300,83650
20240219,12:52:00,0.6,50,83650
20240219,12:52:01,0.6,50,89850
20240219,12:52:02,0.6,50,89850
20240219,12:52:04,0.6,100,89850
20240219,12:52:05,0.6,50,89850
20240219,12:52:06,0.6,50,89850
20240219,12:52:07,0.6,50,89850
20240219,12:52:08,0.6,50,89850
20240219,12:52:09,0.6,50,89850
20240219,12:52:10,0.6,100,89850
20240219,12:52:11,0.6,200,89850
20240219,12:52:12,0.6,200,89850
20240219,12:52:13,0.6,200,89850
20240219,12:52:14,0.6,50,89850
20240219,12:52:15,0.6,50,89850
20240219,12:52:16,0.6,50,89850
20240219,12:52:17,0.6,50,89850
20240219,12:52:19,0.6,50,89850
20240219,12:52:26,0.6,50,89850
20240219,12:52:27,0.6,50,89850
20240219,12:52:28,0.6,50,89850
20240219,12:52:29,0.6,50,89850
20240219,12:52:30,0.6,50,89850
20240219,12:53:14,0.55,200,89850
20240219,12:53:52,0.55,350,89850
20240219,12:53:52,0.6,600,89850
20240219,12:53:54,0.6,50,89850
20240219,12:53:57,0.55,500,89850
20240219,12:53:58,0.55,50,89850
20240219,12:54:20,0.6,50,89850
20240219,12:54:25,0.55,50,89850
20240219,12:54:32,0.55,100,89850
20240219,12:54:35,0.55,100,89850
20240219,12:54:38,0.55,50,89850
20240219,12:54:40,0.55,150,89850
20240219,12:54:50,0.55,50,89850
20240219,12:54:52,0.55,50,89850
20240219,12:55:36,0.55,50,89900
20240219,12:56:10,0.55,50,89900
20240219,12:56:11,0.55,50,89900
20240219,12:56:12,0.55,50,89900
20240219,12:56:13,0.55,100,89900
20240219,12:56:15,0.55,100,89900
20240219,12:56:16,0.55,50,89900
20240219,12:56:17,0.55,50,89900
20240219,12:56:18,0.55,50,89900
20240219,12:56:20,0.55,50,89900
20240219,12:56:27,0.55,50,89900
20240219,12:56:50,0.55,250,89900
20240219,12:56:51,0.55,50,89900
20240219,12:56:52,0.55,50,89900
20240219,12:56:55,0.55,50,89900
20240219,12:56:56,0.55,50,89900
20240219,12:56:57,0.55,50,89900
20240219,12:56:58,0.55,50,89900
20240219,12:56:59,0.55,50,89900
20240219,12:57:03,0.55,50,89900
20240219,12:57:04,0.55,50,89900
20240219,12:57:05,0.55,50,89900
20240219,12:57:13,0.6,50,89900
20240219,12:57:16,0.55,50,89900
20240219,12:58:00,0.55,100,89900
20240219,12:59:41,0.55,50,89850
20240219,13:00:54,0.55,50,89850
20240219,13:00:56,0.55,100,89850
20240219,13:00:57,0.55,50,89850
20240219,13:01:08,0.5,50,89850
20240219,13:01:10,0.55,50,89800
20240219,13:01:13,0.55,100,89800
20240219,13:01:14,0.55,50,89800
20240219,13:01:16,0.55,50,89800
20240219,13:01:28,0.55,50,89800
20240219,13:01:34,0.55,100,89800
20240219,13:01:35,0.55,50,89800
20240219,13:01:36,0.55,100,89800
20240219,13:01:37,0.55,50,89800
20240219,13:01:38,0.55,50,89800
20240219,13:01:39,0.55,100,89800
20240219,13:01:40,0.55,50,89800
20240219,13:01:42,0.55,50,89800
20240219,13:01:45,0.55,50,89800
20240219,13:01:49,0.5,50,89800
20240219,13:01:50,0.5,50,89800
20240219,13:01:56,0.55,300,89800
20240219,13:01:57,0.55,150,89800
20240219,13:01:58,0.55,50,89800
20240219,13:01:59,0.5,50,89800
20240219,13:02:00,0.5,50,89800
20240219,13:02:01,0.5,50,89800
20240219,13:02:03,0.5,50,89800
20240219,13:02:07,0.5,50,89800
20240219,13:02:08,0.5,50,89800
20240219,13:02:10,0.5,50,89800
20240219,13:02:12,0.5,50,89800
20240219,13:02:13,0.5,50,89800
20240219,13:02:14,0.5,50,89800
20240219,13:02:19,0.5,50,89800
20240219,13:02:20,0.5,200,89800
20240219,13:02:21,0.5,200,89800
20240219,13:02:22,0.5,200,89800
20240219,13:02:23,0.5,200,89800
20240219,13:02:24,0.5,200,89800
20240219,13:02:25,0.5,200,89800
20240219,13:02:26,0.5,50,89800
20240219,13:02:27,0.5,50,89800
20240219,13:02:28,0.5,50,89800
20240219,13:02:29,0.5,50,89800
20240219,13:02:30,0.5,200,89800
20240219,13:02:31,0.5,200,89800
20240219,13:02:32,0.5,200,89800
20240219,13:02:33,0.5,50,89800
20240219,13:02:34,0.5,50,89800
20240219,13:02:35,0.5,50,89800
20240219,13:02:36,0.5,50,89800
20240219,13:02:37,0.5,50,89800
20240219,13:02:38,0.5,200,89800
20240219,13:02:40,0.5,400,89800
20240219,13:02:41,0.5,200,89800
20240219,13:02:42,0.5,200,89800
20240219,13:02:43,0.5,200,89800
20240219,13:02:44,0.5,200,89800
20240219,13:02:45,0.5,50,89800
20240219,13:02:46,0.5,50,89800
20240219,13:02:47,0.5,50,89800
20240219,13:02:48,0.5,200,89800
20240219,13:02:49,0.5,200,89800
20240219,13:02:50,0.5,200,89800
20240219,13:02:51,0.5,200,89800
20240219,13:02:52,0.5,200,89800
20240219,13:02:53,0.5,200,89800
20240219,13:02:54,0.5,50,89800
20240219,13:02:55,0.5,50,89800
20240219,13:02:56,0.5,100,89800
20240219,13:02:56,0.5,50,89800
20240219,13:02:57,0.5,200,89800
20240219,13:02:58,0.5,200,89800
20240219,13:02:59,0.5,200,89800
20240219,13:03:00,0.5,50,89800
20240219,13:03:01,0.5,50,89800
20240219,13:03:02,0.5,200,89800
20240219,13:03:03,0.5,200,89800
20240219,13:03:04,0.5,200,89800
20240219,13:03:07,0.5,50,89800
20240219,13:03:08,0.5,50,89800
20240219,13:03:09,0.5,50,89800
20240219,13:03:10,0.5,100,89800
20240219,13:03:11,0.5,50,89800
20240219,13:03:12,0.5,50,89800
20240219,13:03:14,0.5,50,89800
20240219,13:03:16,0.5,50,89800
20240219,13:03:17,0.5,50,89800
20240219,13:03:18,0.5,50,89800
20240219,13:03:19,0.5,50,89800
20240219,13:03:20,0.5,50,89800
20240219,13:03:21,0.5,50,89800
20240219,13:03:22,0.5,50,89800
20240219,13:03:23,0.5,50,89800
20240219,13:03:24,0.5,50,89800
20240219,13:03:25,0.5,50,89800
20240219,13:03:26,0.5,50,89800
20240219,13:03:27,0.5,50,89800
20240219,13:03:28,0.5,50,89800
20240219,13:03:29,0.5,50,89800
20240219,13:03:30,0.5,200,89800
20240219,13:03:31,0.5,200,89800
20240219,13:03:32,0.5,200,89800
20240219,13:03:34,0.5,400,89800
20240219,13:03:35,0.5,50,89800
20240219,13:03:36,0.5,50,89800
20240219,13:03:37,0.5,50,89800
20240219,13:03:38,0.5,200,89800
20240219,13:03:39,0.5,200,89800
20240219,13:03:40,0.5,200,89800
20240219,13:03:41,0.5,200,89800
20240219,13:03:42,0.5,200,89800
20240219,13:03:43,0.5,50,89800
20240219,13:03:44,0.5,50,89800
20240219,13:03:46,0.5,250,89800
20240219,13:03:47,0.5,200,89800
20240219,13:03:48,0.5,200,89800
20240219,13:03:50,0.5,50,89800
20240219,13:04:00,0.5,50,89800
20240219,13:04:02,0.5,50,89800
20240219,13:04:03,0.5,50,89750
20240219,13:04:11,0.5,50,89750
20240219,13:05:38,0.5,50,89750
20240219,13:05:39,0.5,50,89750
20240219,13:05:40,0.5,200,89750
20240219,13:05:41,0.5,200,89750
20240219,13:05:42,0.5,50,89750
20240219,13:05:43,0.5,50,89750
20240219,13:05:44,0.5,50,89750
20240219,13:05:45,0.5,50,89750
20240219,13:05:46,0.5,50,89750
20240219,13:05:47,0.5,50,89750
20240219,13:05:48,0.5,50,89750
20240219,13:05:49,0.5,50,89750
20240219,13:05:50,0.5,50,89750
20240219,13:05:51,0.5,50,89750
20240219,13:05:52,0.5,50,89750
20240219,13:05:53,0.5,50,89750
20240219,13:05:54,0.5,50,89750
20240219,13:05:55,0.5,50,89750
20240219,13:05:56,0.5,50,89750
20240219,13:05:57,0.5,50,89750
20240219,13:05:58,0.5,50,89750
20240219,13:05:59,0.5,200,89750
20240219,13:06:00,0.5,200,89750
20240219,13:06:01,0.5,200,89750
20240219,13:06:04,0.5,50,89750
20240219,13:06:05,0.5,50,89750
20240219,13:06:06,0.5,50,89750
20240219,13:06:07,0.5,50,89750
20240219,13:06:08,0.5,50,89750
20240219,13:06:09,0.5,50,89750
20240219,13:06:10,0.5,50,89750
20240219,13:06:11,0.5,50,89750
20240219,13:06:12,0.5,50,89750
20240219,13:06:13,0.5,50,89750
20240219,13:06:14,0.5,50,89750
20240219,13:06:15,0.5,50,89750
20240219,13:06:16,0.5,50,89750
20240219,13:06:17,0.5,50,89750
20240219,13:06:18,0.5,50,89750
20240219,13:06:19,0.5,50,89750
20240219,13:06:20,0.5,50,89750
20240219,13:06:21,0.5,200,89750
20240219,13:06:22,0.5,200,89750
20240219,13:06:23,0.5,200,89750
20240219,13:06:24,0.5,50,89750
20240219,13:06:25,0.5,50,89750
20240219,13:06:26,0.5,50,89750
20240219,13:06:27,0.5,50,89750
20240219,13:06:28,0.5,200,89750
20240219,13:06:29,0.5,200,89750
20240219,13:06:30,0.5,200,89750
20240219,13:06:31,0.5,200,89750
20240219,13:06:32,0.5,200,89750
20240219,13:06:33,0.5,200,89750
20240219,13:06:34,0.5,200,89750
20240219,13:06:35,0.5,200,89750
20240219,13:06:36,0.5,200,89750
20240219,13:06:37,0.5,200,89750
20240219,13:06:38,0.5,200,89750
20240219,13:06:39,0.5,50,89750
20240219,13:06:40,0.5,50,89750
20240219,13:06:41,0.5,50,89750
20240219,13:06:42,0.5,50,89750
20240219,13:06:43,0.55,4100,89750
20240219,13:06:44,0.5,50,89750
20240219,13:06:45,0.5,50,89750
20240219,13:06:46,0.5,50,89750
20240219,13:06:47,0.5,200,89750
20240219,13:06:48,0.5,200,89750
20240219,13:06:49,0.5,200,89750
20240219,13:06:52,0.5,150,89750
20240219,13:06:59,0.5,50,89750
20240219,13:07:00,0.5,50,89750
20240219,13:07:01,0.5,50,89750
20240219,13:07:02,0.5,50,89750
20240219,13:07:03,0.5,50,89750
20240219,13:07:04,0.5,50,90600
20240219,13:07:05,0.5,50,90600
20240219,13:07:06,0.5,200,90600
20240219,13:07:07,0.5,200,90600
20240219,13:07:08,0.5,200,90600
20240219,13:07:09,0.5,200,90600
20240219,13:07:10,0.5,200,90600
20240219,13:07:11,0.5,200,90600
20240219,13:07:12,0.5,50,90600
20240219,13:07:13,0.5,50,90600
20240219,13:07:14,0.5,50,90600
20240219,13:07:15,0.5,50,90600
20240219,13:07:16,0.5,50,90600
20240219,13:07:17,0.5,50,90600
20240219,13:07:18,0.5,50,90600
20240219,13:07:33,0.5,50,90600
20240219,13:07:39,0.55,50,90600
20240219,13:08:46,0.55,300,90600
20240219,13:10:08,0.5,50,90600
20240219,13:10:20,0.5,50,90600
20240219,13:10:38,0.5,50,90600
20240219,13:10:39,0.5,200,90600
20240219,13:10:40,0.5,200,90600
20240219,13:10:41,0.5,50,90600
20240219,13:10:42,0.5,50,90600
20240219,13:10:43,0.5,50,90600
20240219,13:10:44,0.5,50,90600
20240219,13:10:45,0.5,50,90600
20240219,13:10:46,0.5,50,90600
20240219,13:10:47,0.5,50,90600
20240219,13:10:48,0.5,50,90600
20240219,13:10:49,0.5,50,90600
20240219,13:10:50,0.5,50,90600
20240219,13:10:50,0.5,100,90600
20240219,13:10:51,0.5,50,90600
20240219,13:10:52,0.5,50,90600
20240219,13:10:53,0.5,50,90600
20240219,13:10:54,0.5,50,90600
20240219,13:10:55,0.5,50,90600
20240219,13:10:56,0.5,50,90600
20240219,13:12:33,0.5,50,90600
20240219,13:12:34,0.5,50,90600
20240219,13:12:35,0.5,50,90600
20240219,13:12:36,0.5,50,90600
20240219,13:12:37,0.5,50,90600
20240219,13:12:38,0.5,50,90600
20240219,13:12:39,0.5,50,90600
20240219,13:12:40,0.5,200,90600
20240219,13:12:41,0.5,200,90600
20240219,13:12:42,0.5,200,90600
20240219,13:12:43,0.5,200,90600
20240219,13:12:44,0.5,200,90600
20240219,13:12:48,0.5,200,90600
20240219,13:12:49,0.5,200,90600
20240219,13:12:50,0.5,200,90600
20240219,13:12:51,0.5,150,90600
20240219,13:13:12,0.5,100,90600
20240219,13:15:33,0.55,50,90600
20240219,13:15:54,0.55,50,90600
20240219,13:15:55,0.55,100,90600
20240219,13:15:56,0.55,100,90600
20240219,13:15:57,0.55,150,90600
20240219,13:15:58,0.55,150,90600
20240219,13:15:59,0.55,150,90600
20240219,13:16:00,0.55,150,90600
20240219,13:16:01,0.55,150,90600
20240219,13:16:02,0.55,150,90600
20240219,13:16:03,0.55,150,90600
20240219,13:16:04,0.55,50,90600
20240219,13:16:05,0.55,50,90600
20240219,13:16:06,0.55,50,90600
20240219,13:16:07,0.55,50,90600
20240219,13:16:08,0.55,150,90600
20240219,13:16:09,0.55,300,90600
20240219,13:16:10,0.55,200,90600
20240219,13:16:11,0.55,150,90600
20240219,13:16:12,0.55,50,90600
20240219,13:16:13,0.55,50,90600
20240219,13:16:14,0.55,50,90600
20240219,13:16:15,0.55,50,90600
20240219,13:16:23,0.55,50,90600
20240219,13:16:26,0.55,50,90600
20240219,13:16:27,0.55,50,90600
20240219,13:16:28,0.55,50,90600
20240219,13:16:29,0.55,50,90600
20240219,13:16:30,0.55,50,90600
20240219,13:16:31,0.55,50,90600
20240219,13:16:32,0.55,50,90600
20240219,13:16:33,0.55,50,90600
20240219,13:16:34,0.55,50,90600
20240219,13:16:35,0.55,50,90600
20240219,13:16:36,0.55,50,90600
20240219,13:16:37,0.55,150,90600
20240219,13:16:38,0.55,150,90600
20240219,13:16:39,0.55,200,90600
20240219,13:16:40,0.55,50,90600
20240219,13:16:41,0.55,50,90600
20240219,13:16:42,0.55,50,90600
20240219,13:16:43,0.55,50,90600
20240219,13:16:44,0.55,50,90600
20240219,13:16:45,0.55,50,90600
20240219,13:16:46,0.55,50,90600
20240219,13:16:47,0.55,50,90600
20240219,13:16:48,0.55,50,90600
20240219,13:16:49,0.55,200,90600
20240219,13:16:50,0.55,200,90600
20240219,13:16:51,0.55,200,90600
20240219,13:16:54,0.55,50,90600
20240219,13:16:55,0.55,50,90600
20240219,13:16:56,0.55,50,90600
20240219,13:16:57,0.55,50,90600
20240219,13:16:58,0.55,50,90600
20240219,13:16:59,0.55,50,90600
20240219,13:17:00,0.55,50,90600
20240219,13:17:01,0.55,50,90600
20240219,13:17:02,0.55,50,90600
20240219,13:17:03,0.55,50,90600
20240219,13:17:04,0.55,50,90600
20240219,13:17:06,0.55,50,90600
20240219,13:17:08,0.55,50,90600
20240219,13:17:09,0.55,50,90600
20240219,13:17:10,0.55,50,90600
20240219,13:17:11,0.55,50,90600
20240219,13:17:12,0.55,50,90600
20240219,13:19:21,0.5,200,90600
20240219,13:19:22,0.5,200,90600
20240219,13:19:23,0.5,50,90600
20240219,13:19:24,0.5,50,90600
20240219,13:19:26,0.5,50,90600
20240219,13:19:27,0.5,50,90600
20240219,13:19:28,0.5,50,90600
20240219,13:24:05,0.55,50,90600
20240219,13:24:06,0.55,50,90600
20240219,13:24:07,0.55,50,90600
20240219,13:24:09,0.55,50,90600
20240219,13:24:10,0.55,50,90600
20240219,13:24:11,0.55,50,90600
20240219,13:24:12,0.55,50,90600
20240219,13:24:13,0.55,50,90600
20240219,13:24:14,0.55,50,90600
20240219,13:24:15,0.55,50,90600
20240219,13:24:16,0.55,50,90600
20240219,13:24:17,0.55,50,90600
20240219,13:24:18,0.55,50,90600
20240219,13:24:19,0.55,200,90600
20240219,13:24:20,0.55,200,90600
20240219,13:24:47,0.55,100,90600
20240219,13:24:54,0.55,50,90600
20240219,13:24:55,0.55,50,90600
20240219,13:24:56,0.55,50,90600
20240219,13:24:57,0.55,50,90600
20240219,13:24:58,0.55,50,90600
20240219,13:25:01,0.55,50,90600
20240219,13:25:02,0.55,50,90600
20240219,13:25:04,0.55,50,90600
20240219,13:25:05,0.55,50,90600
20240219,13:25:06,0.55,50,90600
20240219,13:25:07,0.55,50,90700
20240219,13:25:08,0.55,50,90700
20240219,13:25:09,0.55,50,90700
20240219,13:25:10,0.55,50,90700
20240219,13:25:11,0.55,50,90700
20240219,13:25:12,0.55,50,90700
20240219,13:25:13,0.55,50,90700
20240219,13:25:14,0.55,50,90700
20240219,13:25:16,0.55,50,90700
20240219,13:25:17,0.55,50,90700
20240219,13:25:18,0.55,50,90700
20240219,13:25:19,0.55,50,90700
20240219,13:25:20,0.55,50,90700
20240219,13:25:21,0.55,50,90700
20240219,13:25:22,0.55,50,90700
20240219,13:25:23,0.55,50,90700
20240219,13:25:24,0.55,50,90700
20240219,13:25:26,0.55,50,90700
20240219,13:25:27,0.55,50,90700
20240219,13:25:28,0.55,50,90700
20240219,13:25:29,0.55,50,90700
20240219,13:25:30,0.55,50,90700
20240219,13:25:31,0.55,50,90700
20240219,13:25:32,0.55,50,90700
20240219,13:25:33,0.55,50,90700
20240219,13:25:34,0.55,50,90700
20240219,13:25:35,0.55,50,90700
20240219,13:25:36,0.55,50,90700
20240219,13:25:37,0.55,50,90700
20240219,13:25:38,0.55,50,90700
20240219,13:25:39,0.55,50,90700
20240219,13:25:40,0.55,200,90700
20240219,13:25:41,0.55,200,90700
20240219,13:25:45,0.55,50,90700
20240219,13:25:46,0.55,50,90700
20240219,13:25:47,0.55,50,90700
20240219,13:25:48,0.55,50,90700
20240219,13:25:49,0.55,50,90700
20240219,13:25:50,0.55,50,90700
20240219,13:25:50,0.55,450,90700
20240219,13:25:51,0.55,50,90700
20240219,13:25:52,0.55,50,90700
20240219,13:25:55,0.55,50,90700
20240219,13:25:56,0.55,50,90700
20240219,13:25:57,0.55,50,90700
20240219,13:25:58,0.55,50,90700
20240219,13:25:59,0.55,50,90700
20240219,13:26:00,0.55,50,90700
20240219,13:26:01,0.55,50,90700
20240219,13:26:02,0.55,50,90700
20240219,13:26:03,0.55,50,90700
20240219,13:26:04,0.55,50,90700
20240219,13:26:05,0.55,50,90700
20240219,13:26:06,0.55,50,90700
20240219,13:26:07,0.55,50,90700
20240219,13:26:08,0.55,50,90700
20240219,13:26:09,0.55,50,90700
20240219,13:26:10,0.55,50,90700
20240219,13:26:11,0.55,50,90700
20240219,13:26:12,0.55,50,90700
20240219,13:26:13,0.55,50,90700
20240219,13:26:14,0.55,50,90700
20240219,13:26:15,0.55,50,90700
20240219,13:26:16,0.55,50,90700
20240219,13:26:17,0.55,50,90700
20240219,13:26:18,0.55,50,90700
20240219,13:26:19,0.55,50,90700
20240219,13:26:20,0.55,50,90700
20240219,13:26:21,0.55,50,90700
20240219,13:26:22,0.55,50,90700
20240219,13:26:23,0.55,50,90700
20240219,13:26:24,0.55,50,90700
20240219,13:26:25,0.55,50,90700
20240219,13:26:26,0.55,50,90700
20240219,13:26:27,0.55,50,90700
20240219,13:26:28,0.55,50,90700
20240219,13:26:29,0.55,50,90700
20240219,13:26:30,0.55,50,90700
20240219,13:26:31,0.5,4100,90700
20240219,13:26:32,0.55,50,90700
20240219,13:26:33,0.55,50,90700
20240219,13:26:34,0.55,50,90700
20240219,13:26:35,0.55,50,90700
20240219,13:26:36,0.55,50,90700
20240219,13:26:37,0.55,50,90700
20240219,13:26:38,0.55,50,90700
20240219,13:26:39,0.55,50,90700
20240219,13:26:40,0.55,50,90700
20240219,13:26:41,0.55,50,90700
20240219,13:26:42,0.55,50,90700
20240219,13:26:43,0.55,50,90700
20240219,13:26:44,0.55,50,90700
20240219,13:26:45,0.55,50,90700
20240219,13:26:46,0.55,50,90700
20240219,13:26:47,0.55,50,90700
20240219,13:26:48,0.55,50,90700
20240219,13:26:49,0.55,50,90700
20240219,13:27:01,0.55,50,90700
20240219,13:27:02,0.55,50,90700
20240219,13:27:03,0.55,50,90700
20240219,13:27:06,0.55,50,90700
20240219,13:27:37,0.5,50,90700
20240219,13:27:38,0.5,50,90700
20240219,13:27:39,0.5,50,90700
20240219,13:27:40,0.5,50,90700
20240219,13:27:41,0.5,50,90700
20240219,13:27:42,0.5,50,90700
20240219,13:27:49,0.5,50,90700
20240219,13:27:50,0.5,50,90700
20240219,13:27:51,0.5,50,90700
20240219,13:27:52,0.5,350,90700
20240219,13:28:19,0.5,50,90700
20240219,13:28:20,0.5,50,90750
20240219,13:28:21,0.5,50,90750
20240219,13:28:22,0.5,200,90750
20240219,13:28:23,0.5,200,90750
20240219,13:28:24,0.5,200,90750
20240219,13:28:25,0.5,200,90750
20240219,13:28:26,0.5,200,90750
20240219,13:28:27,0.5,200,90750
20240219,13:28:28,0.5,200,90750
20240219,13:28:29,0.5,200,90750
20240219,13:28:30,0.5,200,90750
20240219,13:28:31,0.5,200,90750
20240219,13:28:32,0.5,200,90750
20240219,13:28:33,0.5,200,90750
20240219,13:28:34,0.5,200,90750
20240219,13:28:35,0.5,250,90750
20240219,13:28:36,0.5,250,90750
20240219,13:28:37,0.5,200,90750
20240219,13:28:38,0.5,200,90750
20240219,13:28:39,0.5,200,90750
20240219,13:28:40,0.5,150,90750
20240219,13:28:41,0.5,150,90750
20240219,13:28:42,0.5,200,90750
20240219,13:28:43,0.5,200,90750
20240219,13:28:44,0.5,200,90750
20240219,13:28:45,0.5,200,90750
20240219,13:28:46,0.5,200,90750
20240219,13:28:47,0.5,200,90750
20240219,13:28:48,0.5,200,90750
20240219,13:28:49,0.5,200,90750
20240219,13:28:50,0.5,200,90750
20240219,13:28:51,0.5,200,90750
20240219,13:28:52,0.5,200,90750
20240219,13:28:53,0.5,200,90750
20240219,13:28:54,0.5,200,90750
20240219,13:28:55,0.5,200,90750
20240219,13:30:37,0.55,50,90750
20240219,13:30:38,0.55,100,90750
20240219,13:30:39,0.55,100,90750
20240219,13:30:40,0.55,150,90750
20240219,13:30:41,0.55,150,90750
20240219,13:32:02,0.55,50,90750
20240219,13:33:42,0.5,50,90750
20240219,13:34:35,0.5,100,90750
20240219,13:35:14,0.55,50,90750
20240219,13:35:15,0.55,50,90750
20240219,13:35:16,0.55,50,90750
20240219,13:35:17,0.55,50,90750
20240219,13:35:18,0.55,150,90750
20240219,13:35:19,0.55,150,90750
20240219,13:35:20,0.55,150,90750
20240219,13:35:25,0.55,50,90750
20240219,13:35:28,0.55,50,90750
20240219,13:35:31,0.55,50,90750
20240219,13:35:32,0.55,50,90750
20240219,13:35:33,0.55,50,90750
20240219,13:35:34,0.55,50,90750
20240219,13:35:35,0.55,50,90750
20240219,13:35:36,0.55,50,90750
20240219,13:35:37,0.55,50,90750
20240219,13:35:38,0.55,50,90750
20240219,13:35:39,0.55,50,90750
20240219,13:35:40,0.55,50,90750
20240219,13:35:41,0.55,50,90750
20240219,13:35:42,0.55,200,90750
20240219,13:35:43,0.55,200,90750
20240219,13:35:44,0.55,200,90750
20240219,13:35:45,0.55,200,90750
20240219,13:35:46,0.55,200,90750
20240219,13:35:47,0.55,50,90750
20240219,13:35:49,0.55,50,90750
20240219,13:35:50,0.55,50,90750
20240219,13:35:51,0.55,50,90750
20240219,13:35:52,0.55,50,90750
20240219,13:35:53,0.55,50,90750
20240219,13:35:54,0.55,50,90750
20240219,13:35:55,0.55,50,90750
20240219,13:35:56,0.55,50,90750
20240219,13:35:57,0.55,50,90750
20240219,13:35:58,0.55,50,90750
20240219,13:35:59,0.55,50,90750
20240219,13:36:00,0.55,50,90750
20240219,13:36:01,0.55,50,90750
20240219,13:36:02,0.55,200,90750
20240219,13:36:03,0.55,200,90750
20240219,13:36:04,0.55,200,90750
20240219,13:36:05,0.55,200,90750
20240219,13:36:06,0.55,200,90750
20240219,13:36:07,0.55,200,90750
20240219,13:36:09,0.55,50,90750
20240219,13:36:10,0.55,50,90750
20240219,13:36:11,0.55,50,90750
20240219,13:36:12,0.55,50,90750
20240219,13:36:13,0.55,50,90750
20240219,13:36:14,0.55,50,90750
20240219,13:36:15,0.55,50,90750
20240219,13:36:16,0.55,50,90750
20240219,13:36:17,0.55,300,90750
20240219,13:36:18,0.55,200,90750
20240219,13:36:34,0.55,50,90750
20240219,13:40:21,0.55,50,90750
20240219,13:40:22,0.55,50,90700
20240219,13:40:23,0.55,50,90700
20240219,13:40:24,0.55,50,90700
20240219,13:40:25,0.55,50,90700
20240219,13:40:26,0.55,50,90700
20240219,13:40:27,0.55,50,90700
20240219,13:40:28,0.55,50,90700
20240219,13:40:29,0.55,50,90700
20240219,13:40:37,0.55,50,90700
20240219,13:40:38,0.55,50,90700
20240219,13:40:39,0.55,50,90700
20240219,13:40:41,0.55,50,90700
20240219,13:40:42,0.55,50,90700
20240219,13:40:43,0.55,50,90700
20240219,13:40:44,0.55,50,90700
20240219,13:40:45,0.55,50,90700
20240219,13:40:46,0.55,50,90700
20240219,13:40:47,0.55,50,90700
20240219,13:40:48,0.55,50,90700
20240219,13:41:28,0.55,50,90700
20240219,13:41:29,0.55,50,90700
20240219,13:41:30,0.55,50,90700
20240219,13:41:31,0.55,50,90700
20240219,13:41:32,0.55,50,90700
20240219,13:41:33,0.55,50,90700
20240219,13:41:34,0.55,50,90700
20240219,13:41:35,0.55,50,90700
20240219,13:41:36,0.55,50,90700
20240219,13:41:37,0.55,50,90700
20240219,13:41:38,0.55,50,90700
20240219,13:41:39,0.55,50,90700
20240219,13:41:40,0.55,50,90700
20240219,13:41:41,0.55,50,90700
20240219,13:41:42,0.55,50,90700
20240219,13:41:43,0.55,50,90700
20240219,13:41:44,0.55,200,90700
20240219,13:41:45,0.55,200,90700
20240219,13:41:46,0.55,200,90700
20240219,13:41:47,0.55,50,90700
20240219,13:41:48,0.55,50,90700
20240219,13:41:49,0.55,50,90700
20240219,13:41:50,0.55,200,90700
20240219,13:41:51,0.55,200,90700
20240219,13:41:52,0.55,200,90700
20240219,13:41:53,0.55,200,90700
20240219,13:41:58,0.55,50,90700
20240219,13:41:59,0.55,50,90700
20240219,13:42:00,0.55,50,90700
20240219,13:42:01,0.55,50,90700
20240219,13:42:02,0.55,50,90700
20240219,13:42:03,0.55,50,90700
20240219,13:42:04,0.55,50,90700
20240219,13:42:05,0.55,50,90700
20240219,13:42:06,0.55,50,90700
20240219,13:42:07,0.55,50,90700
20240219,13:42:08,0.55,50,90700
20240219,13:42:09,0.55,50,90700
20240219,13:42:45,0.55,50,90700
20240219,13:42:46,0.55,50,90700
20240219,13:42:47,0.55,50,90700
20240219,13:42:48,0.55,50,90700
20240219,13:42:49,0.55,50,90700
20240219,13:42:50,0.55,50,90700
20240219,13:42:51,0.55,50,90700
20240219,13:42:52,0.55,50,90700
20240219,13:42:53,0.55,50,90700
20240219,13:42:54,0.55,50,90700
20240219,13:42:55,0.55,50,90700
20240219,13:42:56,0.55,50,90700
20240219,13:42:57,0.55,50,90700
20240219,13:42:58,0.55,50,90700
20240219,13:42:59,0.55,50,90700
20240219,13:43:00,0.55,50,90700
20240219,13:43:01,0.55,50,90700
20240219,13:43:02,0.55,50,90700
20240219,13:43:03,0.55,200,90700
20240219,13:43:04,0.55,200,90700
20240219,13:43:05,0.55,50,90700
20240219,13:43:06,0.55,50,90700
20240219,13:43:07,0.55,50,90700
20240219,13:43:08,0.55,50,90700
20240219,13:43:09,0.55,50,90700
20240219,13:43:10,0.55,50,90700
20240219,13:43:11,0.55,50,90700
20240219,13:43:12,0.55,50,90700
20240219,13:43:13,0.55,50,90700
20240219,13:43:14,0.55,50,90700
20240219,13:43:15,0.55,200,90700
20240219,13:43:16,0.55,200,90700
20240219,13:43:38,0.55,50,90700
20240219,13:43:39,0.55,50,90700
20240219,13:43:40,0.55,50,90700
20240219,13:43:41,0.55,50,90700
20240219,13:43:42,0.55,50,90700
20240219,13:43:43,0.55,200,90700
20240219,13:43:44,0.55,200,90700
20240219,13:43:45,0.55,200,90700
20240219,13:43:48,0.55,50,90700
20240219,13:43:49,0.55,50,90700
20240219,13:43:50,0.55,50,90700
20240219,13:43:51,0.55,50,90700
20240219,13:43:52,0.55,50,90700
20240219,13:43:53,0.55,50,90700
20240219,13:43:54,0.55,50,90700
20240219,13:43:55,0.55,50,90700
20240219,13:43:56,0.55,50,90700
20240219,13:43:57,0.55,50,90700
20240219,13:43:58,0.55,50,90700
20240219,13:43:59,0.55,50,90700
20240219,13:44:00,0.55,50,90700
20240219,13:44:01,0.55,50,90700
20240219,13:44:08,0.55,50,90700
20240219,13:44:09,0.55,50,90700
20240219,13:44:13,0.55,50,90700
20240219,13:44:14,0.55,50,90700
20240219,13:44:15,0.55,50,90700
20240219,13:44:16,0.55,50,90700
20240219,13:44:16,0.55,150,90700
20240219,13:44:17,0.55,50,90700
20240219,13:44:41,0.55,100,90700
20240219,13:46:17,0.5,50,90700
20240219,13:46:42,0.55,50,90700
20240219,13:46:43,0.55,50,90700
20240219,13:46:44,0.55,50,90700
20240219,13:46:45,0.55,50,90700
20240219,13:46:51,0.55,50,90700
20240219,13:46:52,0.55,50,90700
20240219,13:46:53,0.55,50,90700
20240219,13:46:54,0.55,50,90700
20240219,13:46:55,0.55,50,90700
20240219,13:46:56,0.55,50,90700
20240219,13:46:58,0.55,50,90700
20240219,13:46:59,0.55,50,90700
20240219,13:47:00,0.55,50,90700
20240219,13:47:01,0.55,50,90700
20240219,13:47:02,0.55,50,90700
20240219,13:47:03,0.55,200,90700
20240219,13:47:04,0.55,200,90700
20240219,13:47:05,0.55,50,90700
20240219,13:47:06,0.55,50,90700
20240219,13:47:07,0.55,50,90700
20240219,13:47:08,0.55,50,90700
20240219,13:47:09,0.55,50,90700
20240219,13:47:10,0.55,200,90700
20240219,13:47:11,0.55,200,90700
20240219,13:47:12,0.55,200,90700
20240219,13:47:13,0.55,200,90700
20240219,13:47:15,0.55,50,90700
20240219,13:47:16,0.55,50,90700
20240219,13:47:17,0.55,50,90700
20240219,13:47:18,0.55,50,90700
20240219,13:47:19,0.55,50,90700
20240219,13:47:20,0.55,50,90700
20240219,13:47:21,0.55,50,90700
20240219,13:47:22,0.55,50,90700
20240219,13:47:23,0.55,50,90700
20240219,13:47:24,0.55,50,90700
20240219,13:47:25,0.55,50,90700
20240219,13:47:26,0.55,50,90700
20240219,13:47:27,0.55,50,90700
20240219,13:47:28,0.55,50,90700
20240219,13:47:29,0.55,50,90700
20240219,13:47:30,0.55,50,90700
20240219,13:47:31,0.55,50,90700
20240219,13:47:32,0.55,50,90700
20240219,13:47:33,0.55,50,90700
20240219,13:47:34,0.55,50,90700
20240219,13:47:35,0.55,50,90700
20240219,13:47:36,0.55,50,90700
20240219,13:47:37,0.55,50,90700
20240219,13:47:38,0.55,50,90700
20240219,13:48:00,0.5,50,90700
20240219,13:48:02,0.55,50,90700
20240219,13:48:42,0.5,150,90700
20240219,13:49:22,0.5,50,90450
20240219,13:50:03,0.55,50,90450
20240219,13:50:07,0.5,50,90450
20240219,13:50:08,0.5,50,90450
20240219,13:50:09,0.5,50,90450
20240219,13:50:10,0.5,200,90450
20240219,13:50:11,0.5,200,90450
20240219,13:50:12,0.5,200,90450
20240219,13:50:13,0.5,200,90450
20240219,13:50:14,0.5,200,90450
20240219,13:50:15,0.5,50,90450
20240219,13:50:16,0.5,50,90450
20240219,13:50:17,0.5,50,90450
20240219,13:50:18,0.5,50,90450
20240219,13:50:19,0.5,50,90450
20240219,13:50:20,0.5,50,90450
20240219,13:50:21,0.5,200,90450
20240219,13:50:22,0.5,200,90450
20240219,13:50:23,0.5,200,90450
20240219,13:50:24,0.5,50,90450
20240219,13:50:25,0.5,50,90450
20240219,13:50:26,0.5,50,90450
20240219,13:50:27,0.5,100,90450
20240219,13:50:28,0.5,50,90450
20240219,13:50:29,0.5,50,90450
20240219,13:50:30,0.5,50,90450
20240219,13:50:31,0.5,50,90450
20240219,13:50:32,0.5,50,90450
20240219,13:50:33,0.5,50,90450
20240219,13:50:34,0.5,50,90450
20240219,13:50:35,0.5,50,90450
20240219,13:50:36,0.5,50,90450
20240219,13:50:37,0.55,300,90450
20240219,13:50:38,0.5,200,90450
20240219,13:50:39,0.5,200,90450
20240219,13:50:43,0.5,50,90450
20240219,13:50:44,0.5,50,90450
20240219,13:50:45,0.5,50,90450
20240219,13:50:46,0.5,50,90450
20240219,13:50:47,0.5,50,90450
20240219,13:50:48,0.5,200,90450
20240219,13:50:49,0.5,200,90450
20240219,13:50:50,0.5,200,90450
20240219,13:50:51,0.5,200,90450
20240219,13:50:52,0.5,200,90450
20240219,13:50:53,0.5,200,90450
20240219,13:50:54,0.5,200,90450
20240219,13:50:55,0.5,200,90450
20240219,13:50:56,0.5,200,90450
20240219,13:51:00,0.5,100,90450
20240219,13:51:02,0.55,1000,90450
20240219,13:51:03,0.5,50,90450
20240219,13:51:04,0.5,50,90450
20240219,13:51:05,0.5,50,90450
20240219,13:51:06,0.5,50,90450
20240219,13:51:07,0.5,50,90450
20240219,13:51:08,0.5,300,90450
20240219,13:51:09,0.5,200,90450
20240219,13:51:10,0.5,200,90450
20240219,13:51:11,0.5,200,90450
20240219,13:51:12,0.5,200,90450
20240219,13:51:13,0.5,200,90450
20240219,13:51:14,0.5,200,90450
20240219,13:51:15,0.5,200,90450
20240219,13:51:22,0.5,50,90450
20240219,13:51:23,0.5,50,90450
20240219,13:51:24,0.5,50,90450
20240219,13:51:25,0.5,50,90450
20240219,13:51:26,0.5,50,90450
20240219,13:51:29,0.5,50,90450
20240219,13:51:33,0.5,50,90450
20240219,13:51:34,0.5,50,90450
20240219,13:51:35,0.5,50,90450
20240219,13:51:36,0.5,50,90450
20240219,13:51:37,0.5,50,90450
20240219,13:51:38,0.5,50,90450
20240219,13:51:39,0.5,50,90450
20240219,13:51:40,0.5,50,90450
20240219,13:51:41,0.5,50,90450
20240219,13:51:42,0.5,50,90450
20240219,13:51:43,0.5,50,90450
20240219,13:51:44,0.5,200,90450
20240219,13:51:45,0.5,200,90450
20240219,13:51:46,0.5,50,90450
20240219,13:51:47,0.5,50,90450
20240219,13:51:48,0.5,50,90450
20240219,13:51:49,0.5,50,90450
20240219,13:51:50,0.5,50,90450
20240219,13:51:51,0.5,50,90450
20240219,13:51:52,0.5,50,90450
20240219,13:51:53,0.5,50,90450
20240219,13:51:54,0.5,50,90450
20240219,13:51:55,0.5,100,90450
20240219,13:51:56,0.5,50,90450
20240219,13:51:57,0.5,50,90450
20240219,13:52:04,0.5,50,90450
20240219,13:52:05,0.5,50,90450
20240219,13:52:06,0.5,50,90450
20240219,13:53:00,0.5,50,87950
20240219,13:53:01,0.5,200,87950
20240219,13:53:02,0.5,200,87950
20240219,13:53:03,0.5,200,87950
20240219,13:53:04,0.5,200,87950
20240219,13:53:05,0.5,200,87950
20240219,13:53:06,0.5,50,87950
20240219,13:53:07,0.45,100,87950
20240219,13:53:08,0.5,50,87950
20240219,13:53:09,0.5,50,87950
20240219,13:53:10,0.45,50,87950
20240219,13:53:11,0.45,100,87950
20240219,13:53:12,0.45,50,87950
20240219,13:53:13,0.45,50,87950
20240219,13:53:14,0.45,50,87950
20240219,13:53:15,0.45,50,87950
20240219,13:53:41,0.5,100,87950
20240219,13:54:32,0.45,50,87950
20240219,13:54:33,0.45,50,87950
20240219,13:54:34,0.45,50,87950
20240219,13:54:35,0.45,50,87950
20240219,13:54:36,0.45,200,87950
20240219,13:54:37,0.45,200,87950
20240219,13:54:48,0.45,200,87950
20240219,13:54:49,0.45,200,87950
20240219,13:54:50,0.45,150,87950
20240219,13:55:05,0.45,150,87950
20240219,13:55:06,0.45,150,87950
20240219,13:55:07,0.5,1800,87950
20240219,13:55:32,0.5,1800,88100
20240219,13:55:57,0.5,500,88100
20240219,13:56:03,0.45,150,88100
20240219,13:56:04,0.45,150,88100
20240219,13:56:04,0.5,1800,88100
20240219,13:56:05,0.45,150,88100
20240219,13:56:06,0.45,150,88100
20240219,13:56:10,0.45,150,88100
20240219,13:56:11,0.45,150,88100
20240219,13:56:12,0.45,150,88100
20240219,13:56:44,0.5,100,88100
20240219,13:57:53,0.5,400,88100
20240219,13:58:01,0.5,50,88100
20240219,13:58:09,0.45,3600,88100
20240219,13:58:13,0.45,1800,88100
20240219,13:58:16,0.45,5450,91600
20240219,13:58:47,0.5,900,91600
20240219,13:59:11,0.45,150,91600
20240219,13:59:12,0.45,150,91600
20240219,13:59:13,0.45,150,91600
