date,time,tick_price,volume,open_interest
20240108,10:54:42,22.1,50,100
20240108,10:55:14,22.15,50,100
20240108,11:06:51,22.15,50,100
20240108,14:31:57,24.0,100,150
20240111,14:59:16,15.95,1,250
20240111,14:59:16,15.95,250,250
20240111,14:59:39,15.95,250,250
20240124,10:56:14,20.05,1,250
20240124,10:56:14,20.0,100,250
20240124,11:45:37,29.45,100,200
20240124,11:47:04,29.45,50,200
20240124,11:47:14,27.1,500,200
20240124,11:47:43,25.85,100,200
20240124,12:07:57,31.6,50,750
20240124,12:41:19,31.6,600,800
20240124,12:44:17,31.6,600,1350
20240124,14:23:49,25.75,400,1950
20240124,14:27:41,20.4,600,2350
20240124,14:28:01,20.65,250,2350
20240124,14:34:00,19.75,250,1550
20240124,14:35:14,19.3,250,1550
20240124,15:13:45,11.0,500,1050
20240124,15:15:00,11.0,100,1050
20240124,15:18:32,14.0,50,1550
20240124,15:23:08,16.0,500,1500
20240125,09:23:21,16.2,1,1000
20240125,09:23:21,16.2,500,1000
20240125,09:28:13,16.2,600,1150
20240125,09:44:54,18.6,100,1750
20240125,09:45:04,18.6,100,1750
20240125,09:51:15,24.4,50,1950
20240125,10:32:20,24.4,50,1950
20240125,10:40:06,15.25,300,1950
20240125,10:47:39,20.75,750,2250
20240125,10:49:33,22.15,50,2700
20240125,10:50:11,22.15,50,2700
20240125,10:50:58,22.0,250,2700
20240125,10:57:03,22.5,350,3050
20240125,10:57:44,24.0,300,2800
20240125,10:58:04,24.0,50,2800
20240125,10:58:44,24.25,50,2800
20240125,11:04:21,22.15,50,2800
20240125,11:05:12,23.8,150,3200
20240125,11:06:30,23.3,50,3300
20240125,11:07:18,22.5,50,3300
20240125,11:12:10,22.05,100,3300
20240125,11:21:07,16.05,600,3350
20240125,11:21:17,20.0,450,3350
20240125,11:26:36,21.1,150,3300
20240125,11:27:29,21.1,150,3300
20240125,11:31:59,17.1,900,3150
20240125,11:32:39,20.45,250,3150
20240125,11:32:49,20.35,100,3150
20240125,11:33:49,20.4,400,3800
20240125,11:33:58,20.4,200,3800
20240125,11:41:36,18.25,100,3400
20240125,11:44:05,17.5,100,3400
20240125,11:50:46,20.45,400,3500
20240125,11:50:57,21.2,150,3500
20240125,11:51:09,21.6,50,3500
20240125,12:08:44,22.0,50,4100
20240125,12:11:45,18.55,100,4100
20240125,12:21:44,20.65,50,4100
20240125,12:25:08,20.5,200,4100
20240125,12:33:42,20.25,50,3900
20240125,12:34:51,20.25,50,3900
20240125,12:36:28,20.3,50,3900
20240125,12:38:17,18.05,1600,3900
20240125,12:38:26,17.8,300,3900
20240125,12:43:02,18.65,150,4550
20240125,12:43:38,18.75,50,4550
20240125,12:55:27,18.65,50,4450
20240125,12:59:44,19.55,50,4450
20240125,13:00:05,20.3,450,4450
20240125,13:00:16,20.3,250,4450
20240125,13:04:49,19.0,50,4200
20240125,13:06:05,18.4,50,4200
20240125,13:14:09,18.05,50,4200
20240125,13:15:18,17.65,50,4200
20240125,13:15:28,17.65,50,4200
20240125,13:15:57,17.7,50,4200
20240125,13:16:06,17.65,50,4200
20240125,13:16:16,17.6,250,4200
20240125,13:16:26,17.45,50,4200
20240125,13:18:39,17.7,50,4200
20240125,13:18:48,17.75,50,4150
20240125,13:19:06,17.7,50,4150
20240125,13:19:24,17.75,50,4150
20240125,13:22:06,17.65,100,4200
20240125,13:22:15,17.6,250,4200
20240125,13:22:52,17.2,50,4200
20240125,13:23:20,17.2,50,4200
20240125,13:23:38,17.0,100,4200
20240125,13:25:05,17.55,100,4250
20240125,13:26:58,18.5,50,4250
20240125,13:42:03,18.1,50,4300
20240125,13:43:10,17.85,100,4300
20240125,13:44:54,17.75,50,4300
20240125,13:45:02,17.6,50,4300
20240125,13:46:22,17.3,300,4300
20240125,13:48:27,16.65,50,4300
20240125,13:50:02,16.95,650,4350
20240125,13:51:44,17.5,200,4350
20240125,13:51:54,17.0,50,4600
20240125,13:52:04,16.95,550,4600
20240125,13:52:15,17.55,150,4600
20240125,13:52:25,17.6,200,4600
20240125,13:55:24,17.55,50,5000
20240125,13:55:43,17.75,50,5000
20240125,13:56:03,17.85,50,5000
20240125,13:58:42,16.95,100,5000
20240125,13:59:01,16.55,100,5000
20240125,14:01:24,16.85,50,5100
20240125,14:07:32,16.9,100,5100
20240125,14:08:29,19.65,1350,5100
20240125,14:08:38,16.5,50,5100
20240125,14:08:48,16.6,100,5100
20240125,14:11:23,13.5,1250,6350
20240125,14:11:40,13.5,100,6350
20240125,14:11:49,16.25,650,6350
20240125,14:12:43,16.25,200,6350
20240125,14:13:28,16.5,200,6350
20240125,14:13:37,16.25,100,6350
20240125,14:14:14,16.85,100,6350
20240125,14:14:25,17.0,50,6350
20240125,14:14:44,17.25,50,6350
20240125,14:16:55,17.7,200,6400
20240125,14:18:42,18.05,50,6400
20240125,14:21:40,17.75,400,6200
20240125,14:21:49,17.8,150,6300
20240125,14:23:00,17.95,200,6300
20240125,14:23:53,17.65,100,6300
20240125,14:27:31,17.7,50,6450
20240125,14:27:41,17.8,400,6450
20240125,14:32:45,17.4,450,6300
20240125,14:33:32,17.35,200,6300
20240125,14:33:50,17.35,150,6300
20240125,14:35:31,17.1,300,6800
20240125,14:35:49,17.35,300,6800
20240125,14:36:08,17.5,100,6800
20240125,14:37:12,17.5,50,7400
20240125,14:37:29,17.55,100,7400
20240125,14:38:20,17.5,400,7400
20240125,14:38:38,17.55,50,7400
20240125,14:39:57,18.2,250,7150
20240125,14:43:00,18.75,100,7400
20240125,14:44:10,18.85,100,7400
20240125,14:45:51,18.0,450,7400
20240125,14:47:14,18.3,50,7300
20240125,14:47:23,18.15,50,7300
20240125,14:47:50,18.15,300,7300
20240125,14:47:58,17.95,150,7300
20240125,14:48:07,17.95,650,7300
20240125,14:48:25,17.9,250,7300
20240125,14:48:51,17.95,100,7300
20240125,14:50:41,18.0,50,7500
20240125,14:50:59,17.95,50,7500
20240125,14:53:58,17.7,200,7550
20240125,14:54:54,17.4,150,7550
20240125,14:55:04,16.85,50,7500
20240125,14:55:23,16.8,150,7500
20240125,14:55:32,16.95,250,7500
20240125,14:55:42,16.95,1200,7500
20240125,14:57:55,16.6,50,7400
20240125,14:58:48,16.55,50,7400
20240125,15:00:45,15.85,350,7400
20240125,15:00:55,15.6,550,7400
20240125,15:01:05,15.3,100,6850
20240125,15:01:16,15.0,150,6850
20240125,15:04:21,14.35,250,6500
20240125,15:05:04,14.1,250,6500
20240125,15:05:15,13.55,100,6500
20240125,15:05:26,13.5,400,6500
20240125,15:06:43,12.75,500,6500
20240125,15:07:37,12.7,100,6200
20240125,15:08:18,12.7,50,6200
20240125,15:08:38,12.85,50,6200
20240125,15:09:11,12.8,50,6200
20240125,15:09:57,12.9,200,6200
20240125,15:10:07,13.15,200,6000
20240125,15:10:18,13.05,50,6000
20240125,15:10:41,13.15,50,6000
20240125,15:11:43,12.9,100,6000
20240125,15:12:04,12.9,50,6000
20240125,15:12:49,12.65,50,6000
20240125,15:13:01,12.55,200,6000
20240125,15:13:11,10.65,400,5900
20240125,15:13:43,12.35,100,5900
20240125,15:14:37,12.55,250,5900
20240125,15:14:49,12.6,200,5900
20240125,15:15:09,12.55,50,5900
20240125,15:15:30,12.5,200,5900
20240125,15:15:51,12.65,50,5900
20240125,15:16:01,12.6,50,5450
20240125,15:16:13,12.8,50,5450
20240125,15:16:54,12.55,1300,5450
20240125,15:17:38,12.85,50,5450
20240125,15:17:59,12.3,250,5450
20240125,15:18:10,12.4,450,5450
20240125,15:18:31,12.5,50,5450
20240125,15:18:42,12.45,100,5450
20240125,15:19:02,12.05,150,4800
20240125,15:19:44,12.1,1100,4800
20240125,15:20:41,11.95,300,4800
20240125,15:21:10,11.55,150,4800
20240125,15:23:45,12.05,150,4150
20240125,15:24:09,12.05,100,4150
20240125,15:24:37,12.05,50,4150
20240125,15:24:54,11.7,600,4150
20240125,15:25:04,11.8,50,4600
20240125,15:26:53,12.6,2650,4600
20240125,15:27:03,12.35,1250,4600
20240125,15:27:13,12.4,100,4600
20240125,15:27:37,9.1,2350,4600
20240125,15:27:49,10.75,1000,4600
20240125,15:28:01,10.75,50,4600
20240125,15:28:22,10.9,50,4400
20240125,15:28:45,12.1,500,4400
20240125,15:28:55,12.3,200,4400
20240125,15:29:35,12.75,50,4400
20240125,15:30:04,18.0,50,4400
20240129,09:15:16,12.9,1,4300
20240129,09:15:16,12.9,50,4300
20240129,09:15:43,10.95,150,4300
20240129,09:15:52,10.05,50,4300
20240129,09:16:05,10.05,50,4300
20240129,09:16:09,10.8,150,4300
20240129,09:16:14,10.85,650,4300
20240129,09:16:30,11.05,50,4300
20240129,09:17:25,11.05,50,4450
20240129,09:17:50,11.1,50,4450
20240129,09:18:01,11.2,50,4450
20240129,09:19:07,11.05,50,4450
20240129,09:19:15,11.05,50,4450
20240129,09:19:21,10.85,50,4450
20240129,09:19:42,10.8,150,4450
20240129,09:20:57,10.95,100,4550
20240129,09:21:24,10.55,150,4550
20240129,09:21:34,10.7,100,4550
20240129,09:21:57,10.6,50,4550
20240129,09:23:07,10.65,50,4550
20240129,09:24:10,10.8,800,4500
20240129,09:24:27,10.75,100,4500
20240129,09:25:04,10.6,150,4500
20240129,09:25:46,10.85,100,4500
20240129,09:27:12,10.65,50,4100
20240129,09:27:19,10.85,50,4100
20240129,09:27:41,10.9,50,4100
20240129,09:27:48,10.9,100,4100
20240129,09:27:57,10.75,100,4100
20240129,09:28:41,10.9,250,4100
20240129,09:29:36,10.95,1250,4400
20240129,09:29:57,10.9,250,4400
20240129,09:30:04,10.9,250,4400
20240129,09:30:12,11.0,50,4400
20240129,09:30:19,11.1,50,4400
20240129,09:30:26,11.2,50,4400
20240129,09:32:40,11.3,50,5650
20240129,09:33:04,11.0,1650,5650
20240129,09:33:23,11.1,50,5650
20240129,09:33:42,11.2,50,5650
20240129,09:34:11,11.2,50,5650
20240129,09:34:49,11.35,100,5650
20240129,09:34:56,11.4,50,5650
20240129,09:35:29,11.45,100,5550
20240129,09:35:43,11.6,50,5550
20240129,09:36:05,11.55,50,5550
20240129,09:36:44,11.3,300,5550
20240129,09:36:51,11.3,450,5550
20240129,09:37:21,11.65,50,5550
20240129,09:37:41,11.65,50,5550
20240129,09:37:54,11.7,50,5550
20240129,09:38:21,11.75,50,5900
20240129,09:38:28,11.75,50,5900
20240129,09:38:34,11.8,100,5900
20240129,09:38:47,11.85,100,5900
20240129,09:38:59,11.7,50,5900
20240129,09:39:15,11.8,100,5900
20240129,09:39:21,11.9,100,5900
20240129,09:39:35,11.9,150,5900
20240129,09:39:42,11.8,200,5900
20240129,09:40:02,12.0,100,5900
20240129,09:40:23,11.9,50,5900
20240129,09:40:39,11.95,450,5900
20240129,09:40:53,11.9,250,5900
20240129,09:41:01,11.75,150,5900
20240129,09:41:29,11.7,500,5900
20240129,09:41:54,11.6,750,5900
20240129,09:42:10,11.65,150,5900
20240129,09:42:32,11.65,100,5900
20240129,09:42:39,11.65,250,5900
20240129,09:42:56,11.55,100,5900
20240129,09:43:10,11.5,300,5900
20240129,09:43:25,11.5,50,5900
20240129,09:43:33,11.3,50,5900
20240129,09:44:18,11.6,150,6000
20240129,09:45:40,11.65,300,6000
20240129,09:45:53,11.7,50,6000
20240129,09:46:51,11.7,200,6000
20240129,09:47:10,11.65,1100,6000
20240129,09:47:28,11.6,100,7000
20240129,09:47:35,11.65,100,7000
20240129,09:47:54,11.75,50,7000
20240129,09:48:19,11.65,100,7000
20240129,09:48:30,11.75,100,7000
20240129,09:48:42,11.65,100,7000
20240129,09:48:48,11.7,50,7000
20240129,09:49:06,11.6,250,7000
20240129,09:49:13,11.65,50,7000
20240129,09:49:43,11.9,50,7000
20240129,09:50:12,11.8,250,7000
20240129,09:50:38,11.7,500,7450
20240129,09:55:04,11.8,50,7900
20240129,09:55:46,11.9,300,7900
20240129,09:55:52,11.9,50,7900
20240129,09:56:05,11.95,100,7900
20240129,09:56:20,12.1,50,7900
20240129,09:57:44,11.05,250,7900
20240129,09:58:01,11.4,400,7900
20240129,10:02:27,11.4,50,7750
20240129,10:02:55,11.4,100,7750
20240129,10:03:26,11.5,50,7750
20240129,10:05:50,11.25,150,7700
20240129,10:06:49,11.6,50,7700
20240129,10:07:30,11.75,50,7700
20240129,10:08:30,11.7,50,7700
20240129,10:09:08,11.1,200,7700
20240129,10:09:15,11.6,100,7700
20240129,10:09:40,11.25,200,7700
20240129,10:10:12,11.4,50,7700
20240129,10:10:54,11.45,50,7700
20240129,10:11:07,11.4,50,7700
20240129,10:12:24,11.45,100,7750
20240129,10:13:23,11.15,100,7750
20240129,10:14:04,11.2,50,7750
20240129,10:18:00,11.0,50,7800
20240129,10:20:01,10.75,200,7800
20240129,10:20:22,11.1,100,7800
20240129,10:21:36,10.75,500,7950
20240129,10:23:18,10.85,50,8200
20240129,10:24:05,11.0,150,8200
20240129,10:25:05,10.9,50,8200
20240129,10:27:29,11.0,50,8200
20240129,10:29:27,11.15,50,8250
20240129,10:36:02,11.1,50,8250
20240129,10:36:08,11.0,50,8250
20240129,10:37:51,10.85,50,8250
20240129,10:38:02,10.9,50,8250
20240129,10:38:26,11.1,50,8250
20240129,10:42:03,11.1,50,8250
20240129,10:46:45,10.7,100,8250
20240129,10:56:23,11.05,550,8250
20240129,10:57:05,11.15,200,8250
20240129,10:57:22,10.9,50,8250
20240129,10:57:30,10.9,600,8250
20240129,10:58:49,10.9,250,8250
20240129,10:58:54,10.9,400,8250
20240129,11:01:43,10.85,100,7350
20240129,11:02:56,10.5,50,7400
20240129,11:03:01,10.6,50,7400
20240129,11:04:27,10.5,50,7400
20240129,11:07:00,10.35,100,7400
20240129,11:08:46,10.35,450,7400
20240129,11:14:14,10.5,200,7850
20240129,11:15:34,10.15,500,7950
20240129,11:19:49,10.35,150,8450
20240129,11:20:06,10.5,300,8450
20240129,11:29:35,9.8,100,8750
20240129,11:36:53,9.65,50,8700
20240129,11:37:56,9.65,300,8700
20240129,11:40:07,10.0,250,9050
20240129,11:41:10,10.0,250,9050
20240129,11:42:06,9.85,1000,9300
20240129,11:42:28,10.0,100,9300
20240129,11:42:51,10.0,100,9300
20240129,11:43:23,10.0,250,9300
20240129,11:43:36,10.0,50,9300
20240129,11:44:19,10.0,50,9300
20240129,11:46:43,9.75,250,10850
20240129,11:48:44,9.9,50,10850
20240129,11:54:14,9.7,500,10850
20240129,11:54:30,9.7,500,10850
20240129,11:57:39,9.7,300,10850
20240129,11:58:34,9.95,50,10850
20240129,11:59:58,9.5,5100,11150
20240129,12:00:09,9.4,5100,11150
20240129,12:01:54,9.85,50,11150
20240129,12:03:35,9.6,50,19400
20240129,12:03:58,9.65,50,19400
20240129,12:04:06,9.75,100,19400
20240129,12:11:14,8.85,300,19400
20240129,12:11:47,9.45,200,19350
20240129,12:11:52,9.5,150,19350
20240129,12:13:10,9.55,100,19350
20240129,12:14:32,9.5,150,19350
20240129,12:15:37,9.5,200,19400
20240129,12:16:57,9.55,150,19400
20240129,12:20:30,9.5,50,19400
20240129,12:21:40,9.5,200,19400
20240129,12:23:07,9.5,150,19400
20240129,12:25:07,9.85,50,19400
20240129,12:26:57,9.5,150,19400
20240129,12:27:08,9.55,150,19400
20240129,12:29:26,9.4,5000,19400
20240129,12:30:04,9.4,5100,24350
20240129,12:30:56,9.35,5100,24350
20240129,12:31:00,9.25,150,24350
20240129,12:31:07,9.2,50,24350
20240129,12:31:53,9.25,150,24350
20240129,12:37:09,9.2,250,34450
20240129,12:37:21,9.2,250,34450
20240129,12:45:08,9.15,50,34450
20240129,12:45:38,9.15,150,34450
20240129,12:51:20,9.5,3600,34450
20240129,12:51:31,9.4,1800,34450
20240129,12:52:02,9.2,150,34450
20240129,12:53:12,9.4,150,34450
20240129,12:53:37,9.45,50,34450
20240129,12:54:28,9.45,50,34450
20240129,12:57:30,9.5,300,34450
20240129,12:59:33,9.6,50,34450
20240129,12:59:59,9.7,1000,34750
20240129,13:02:23,9.65,100,34750
20240129,13:03:50,9.65,500,35350
20240129,13:07:27,9.6,50,34850
20240129,13:09:09,9.55,50,34900
20240129,13:09:20,9.45,100,34900
20240129,13:09:28,9.5,550,34900
20240129,13:13:13,9.45,50,35100
20240129,13:17:37,9.45,50,35050
20240129,13:18:29,9.6,100,35050
20240129,13:19:08,9.55,100,35050
20240129,13:20:12,9.6,50,35050
20240129,13:20:27,9.9,50,35050
20240129,13:20:45,9.85,50,35050
20240129,13:21:02,9.65,50,35050
20240129,13:23:35,9.95,50,35050
20240129,13:25:02,9.65,100,35100
20240129,13:35:26,9.65,450,35050
20240129,13:46:42,9.7,100,34850
20240129,13:48:20,9.6,100,34900
20240129,13:48:36,9.65,200,34900
20240129,13:48:41,9.7,50,34900
20240129,13:48:45,9.8,50,34900
20240129,13:49:26,9.7,50,34900
20240129,13:49:37,9.7,50,34900
20240129,13:49:50,9.55,450,34900
20240129,13:49:56,9.6,300,34900
20240129,13:50:34,9.55,100,34900
20240129,13:53:08,9.5,50,35100
20240129,13:53:12,9.45,200,35100
20240129,13:53:33,9.45,250,35100
20240129,13:53:50,9.45,100,35000
20240129,13:54:49,9.4,50,35000
20240129,13:54:59,9.4,50,35000
20240129,13:57:33,9.6,1000,35000
20240129,14:00:14,9.65,150,35400
20240129,14:01:19,9.65,200,35400
20240129,14:01:38,9.4,750,35400
20240129,14:01:57,9.55,150,35400
20240129,14:03:46,9.75,50,35450
20240129,14:05:50,9.7,50,35500
20240129,14:06:03,9.65,600,35500
20240129,14:07:08,9.45,50,35500
20240129,14:13:36,9.7,50,34950
20240129,14:17:26,9.65,200,35000
20240129,14:18:51,9.7,50,35100
20240129,14:19:33,8.7,1150,35100
20240129,14:20:04,9.5,200,35100
20240129,14:23:21,9.3,50,34850
20240129,14:24:00,9.2,250,34800
20240129,14:24:11,9.35,700,34800
20240129,14:24:36,9.3,350,34800
20240129,14:26:04,9.3,100,34800
20240129,14:26:12,9.3,450,34800
20240129,14:26:24,9.15,600,34800
20240129,14:26:36,9.2,350,34800
20240129,14:27:21,9.2,100,34300
20240129,14:27:25,9.1,250,34300
20240129,14:27:38,9.1,150,34300
20240129,14:28:42,9.3,50,34300
20240129,14:29:03,9.25,150,34300
20240129,14:29:14,9.1,100,34300
20240129,14:29:54,9.25,50,34400
20240129,14:30:44,9.0,100,34400
20240129,14:30:59,9.1,2150,34400
20240129,14:31:31,9.35,200,34400
20240129,14:32:19,9.35,250,34400
20240129,14:32:55,9.3,50,34400
20240129,14:33:25,9.25,100,34600
20240129,14:33:30,9.3,100,34600
20240129,14:33:52,9.15,1500,34600
20240129,14:33:58,9.3,100,34600
20240129,14:34:05,9.35,50,34600
20240129,14:35:01,9.15,450,34600
20240129,14:37:20,8.7,250,36500
20240129,14:37:25,8.85,100,36500
20240129,14:39:21,8.6,50,36800
20240129,14:40:27,8.6,400,36800
20240129,14:41:02,8.6,50,36800
20240129,14:44:13,8.6,300,36800
20240129,14:46:41,8.7,100,36850
20240129,14:47:51,8.85,50,36850
20240129,14:48:04,9.0,250,36850
20240129,14:50:39,8.8,200,36850
20240129,14:50:49,8.9,50,36850
20240129,14:54:37,8.65,50,36800
20240129,14:55:31,8.65,50,36800
20240129,14:55:57,8.7,100,36800
20240129,14:56:27,8.7,400,36800
20240129,14:58:21,8.85,300,36850
20240129,14:58:50,8.9,50,36850
20240129,14:59:58,8.9,250,36950
20240129,15:00:06,8.9,150,36950
20240129,15:00:14,8.8,200,36950
20240129,15:00:37,8.95,650,36950
20240129,15:00:45,8.8,100,36950
20240129,15:00:54,9.0,100,36950
20240129,15:02:26,8.1,600,36950
20240129,15:05:22,8.1,600,36750
20240129,15:06:03,8.65,100,36150
20240129,15:08:13,8.05,1500,36150
20240129,15:10:15,7.95,350,37650
20240129,15:10:48,7.95,250,37650
20240129,15:10:56,8.25,250,37650
20240129,15:14:07,8.25,250,37850
20240129,15:16:09,8.35,800,38100
20240129,15:16:27,8.4,100,38100
20240129,15:18:37,8.3,150,38450
20240129,15:19:17,8.25,50,38450
20240129,15:19:50,8.15,100,38450
20240129,15:22:28,8.0,50,38400
20240129,15:22:38,8.05,50,38400
20240129,15:23:47,7.9,50,38400
20240129,15:25:01,7.9,300,38400
20240129,15:25:55,7.75,1650,38400
20240129,15:26:51,7.8,350,38400
20240129,15:27:17,7.65,900,37400
20240129,15:29:04,7.5,50,37400
20240129,15:29:25,7.5,150,37400
20240129,15:29:35,7.0,1850,37400
20240129,15:29:45,7.0,600,37400
20240130,09:15:47,9.7,1,38300
20240130,09:15:47,9.7,50,38300
20240130,09:16:30,6.95,150,38300
20240130,09:17:01,6.2,200,38300
20240130,09:17:13,7.4,100,38300
20240130,09:17:25,7.5,150,38450
20240130,09:17:54,7.35,50,38450
20240130,09:18:33,7.55,50,38450
20240130,09:21:01,7.8,100,38400
20240130,09:21:11,7.9,300,38400
20240130,09:21:49,7.95,100,38400
20240130,09:22:08,8.0,50,38400
20240130,09:22:46,7.95,150,38400
20240130,09:22:56,8.1,350,38400
20240130,09:23:50,8.2,100,38900
20240130,09:24:43,7.95,100,38900
20240130,09:24:52,8.3,100,38900
20240130,09:25:10,8.0,250,38900
20240130,09:26:16,9.35,200,38900
20240130,09:27:20,9.05,150,38950
20240130,09:27:30,9.35,500,38950
20240130,09:27:38,9.3,50,38950
20240130,09:27:47,9.25,50,38950
20240130,09:28:10,9.2,100,38950
20240130,09:28:20,9.05,250,38950
20240130,09:29:17,9.8,450,39300
20240130,09:30:00,9.5,50,39300
20240130,09:30:12,9.55,150,39300
20240130,09:30:23,9.85,100,39300
20240130,09:30:45,9.85,50,39300
20240130,09:30:56,9.45,100,39300
20240130,09:31:07,9.0,650,39300
20240130,09:31:18,8.8,200,39300
20240130,09:32:01,9.2,100,39300
20240130,09:32:12,9.1,100,39300
20240130,09:33:04,9.2,100,39200
20240130,09:33:14,9.3,100,39200
20240130,09:33:26,9.5,250,39200
20240130,09:33:47,9.5,100,39200
20240130,09:33:58,9.55,50,39200
20240130,09:34:19,9.75,100,39200
20240130,09:35:45,9.3,2500,38950
20240130,09:36:05,9.5,50,38950
20240130,09:37:07,9.3,50,38950
20240130,09:37:18,9.3,150,38950
20240130,09:37:49,9.35,350,38950
20240130,09:37:59,9.4,150,38950
20240130,09:38:11,9.35,200,38950
20240130,09:38:42,9.4,150,41550
20240130,09:39:43,9.05,50,41550
20240130,09:39:54,9.2,100,41550
20240130,09:40:05,9.35,100,41550
20240130,09:40:15,9.15,300,41550
20240130,09:40:25,9.0,2500,41550
20240130,09:41:06,9.2,200,41550
20240130,09:41:48,9.1,50,43800
20240130,09:42:29,8.75,300,43800
20240130,09:42:40,8.8,50,43800
20240130,09:42:51,8.8,200,43800
20240130,09:43:02,8.55,750,43800
20240130,09:44:17,8.3,100,43800
20240130,09:45:08,8.3,150,43700
20240130,09:45:29,8.4,50,43700
20240130,09:45:41,8.6,700,43700
20240130,09:49:00,8.65,150,43800
20240130,09:49:11,8.7,50,43800
20240130,09:49:43,8.7,50,43800
20240130,09:51:13,8.65,50,43700
20240130,09:52:27,8.85,250,43700
20240130,09:53:26,9.05,50,43750
20240130,09:54:23,9.25,1800,43750
20240130,09:54:32,9.3,50,43750
20240130,09:54:41,9.3,100,43750
20240130,09:54:50,9.2,250,43750
20240130,09:55:41,9.4,300,43750
20240130,09:55:51,9.4,50,43750
20240130,09:56:12,9.25,650,43750
20240130,10:00:11,8.9,50,43750
20240130,10:00:21,8.65,150,43750
20240130,10:00:32,8.35,250,43750
20240130,10:00:43,8.5,50,43750
20240130,10:02:32,8.75,50,43750
20240130,10:07:37,8.5,50,43750
20240130,10:08:15,8.6,50,43750
20240130,10:08:33,8.7,100,43700
20240130,10:09:09,8.55,100,43700
20240130,10:09:19,8.6,50,43700
20240130,10:11:45,8.55,50,43700
20240130,10:11:55,8.5,50,43700
20240130,10:12:41,8.3,250,43700
20240130,10:13:51,8.2,50,43700
20240130,10:14:52,8.35,200,43700
20240130,10:23:00,8.45,100,43700
20240130,10:25:07,8.05,200,43750
20240130,10:25:34,8.3,200,43850
20240130,10:29:10,8.55,700,44050
20240130,10:35:40,8.5,50,44700
20240130,10:35:49,8.45,250,44700
20240130,10:35:58,8.45,250,44700
20240130,10:38:01,8.0,300,44700
20240130,10:48:39,8.55,50,44200
20240130,10:48:48,8.8,250,44200
20240130,10:50:46,8.85,150,44200
20240130,10:51:26,8.9,50,44200
20240130,10:52:24,8.9,50,44200
20240130,10:53:03,8.9,100,44200
20240130,10:54:21,8.75,50,44200
20240130,10:54:39,8.55,150,44200
20240130,10:54:48,8.65,50,44200
20240130,10:54:57,8.55,100,44200
20240130,11:01:45,8.2,50,44250
20240130,11:04:23,8.3,50,44250
20240130,11:06:01,8.65,250,44250
20240130,11:06:43,8.7,50,44250
20240130,11:07:14,9.0,50,44250
20240130,11:07:35,8.95,400,44250
20240130,11:07:46,8.95,50,44250
20240130,11:08:15,8.85,200,44250
20240130,11:09:12,8.75,250,44050
20240130,11:09:22,8.85,50,44050
20240130,11:10:49,8.9,250,44050
20240130,11:11:08,8.9,1150,44050
20240130,11:11:37,8.95,50,44050
20240130,11:12:14,8.9,100,43750
20240130,11:12:23,8.85,150,43750
20240130,11:17:10,8.65,100,43750
20240130,11:19:06,8.65,300,43750
20240130,11:21:09,8.55,50,43750
20240130,11:21:33,8.4,50,43750
20240130,11:24:38,8.65,100,43750
20240130,11:26:02,8.65,50,43750
20240130,11:26:59,8.45,50,43800
20240130,11:27:07,8.45,50,43800
20240130,11:28:29,8.4,250,43800
20240130,11:29:04,8.2,1050,43800
20240130,11:30:01,8.2,200,43750
20240130,11:30:09,8.2,100,43750
20240130,11:32:44,8.35,250,43750
20240130,11:35:14,8.05,50,43750
20240130,11:35:32,8.1,150,43750
20240130,11:36:24,7.95,100,43550
20240130,11:36:33,7.75,50,43550
20240130,11:36:51,7.7,50,43550
20240130,11:37:00,7.7,150,43550
20240130,11:38:01,7.75,50,43550
20240130,11:38:10,7.85,50,43550
20240130,11:40:32,7.9,50,43600
20240130,11:41:57,7.85,50,43600
20240130,11:44:02,7.8,50,43600
20240130,11:44:24,7.8,50,43600
20240130,11:46:13,7.8,50,43600
20240130,11:49:08,8.1,1100,43650
20240130,11:49:36,7.95,100,43650
20240130,11:49:45,7.85,400,43650
20240130,11:49:53,7.9,50,43650
20240130,11:54:03,7.95,400,43800
20240130,11:54:22,7.9,150,43800
20240130,11:54:40,7.9,300,43800
20240130,11:54:52,7.85,250,43800
20240130,11:59:07,7.75,250,43800
20240130,11:59:18,7.7,50,43800
20240130,11:59:40,7.6,50,43750
20240130,11:59:50,7.55,50,43750
20240130,12:00:30,7.65,50,43750
20240130,12:00:48,7.65,150,43750
20240130,12:04:44,7.85,50,43900
20240130,12:06:11,7.9,150,43900
20240130,12:06:49,7.9,200,43900
20240130,12:08:13,7.95,1000,43900
20240130,12:08:35,7.95,50,43900
20240130,12:10:26,7.95,100,44400
20240130,12:16:17,7.95,50,44400
20240130,12:17:21,7.9,50,44400
20240130,12:17:27,7.9,500,44400
20240130,12:23:03,7.65,50,44400
20240130,12:24:41,7.75,250,44450
20240130,12:24:48,7.75,50,44450
20240130,12:25:03,7.75,300,44450
20240130,12:25:25,7.75,1050,44450
20240130,12:25:32,7.75,250,44450
20240130,12:28:44,7.7,250,44950
20240130,12:29:09,7.65,50,44950
20240130,12:30:06,7.6,250,44950
20240130,12:30:19,7.6,250,44950
20240130,12:30:26,7.6,100,44950
20240130,12:31:35,7.6,250,44950
20240130,12:31:40,7.65,100,44950
20240130,12:31:46,7.6,300,44950
20240130,12:32:13,7.6,100,44950
20240130,12:32:39,7.65,100,44950
20240130,12:37:58,7.65,50,45150
20240130,12:38:34,7.55,250,45150
20240130,12:38:39,7.55,250,45150
20240130,12:38:48,7.55,250,45200
20240130,12:40:13,7.55,450,45200
20240130,12:40:41,7.55,350,45200
20240130,12:42:24,7.65,150,46050
20240130,12:44:02,7.7,250,46050
20240130,12:45:26,7.7,350,46100
20240130,12:47:30,7.9,200,46100
20240130,12:48:46,7.95,100,46200
20240130,12:48:58,7.95,250,46200
20240130,12:53:15,7.6,50,46500
20240130,12:53:26,7.55,250,46500
20240130,12:53:41,7.55,200,46500
20240130,12:58:49,7.5,100,46500
20240130,13:00:34,7.35,50,46500
20240130,13:04:51,7.35,500,46500
20240130,13:09:05,7.75,50,47000
20240130,13:09:55,7.6,50,47000
20240130,13:12:03,7.6,50,47050
20240130,13:13:55,7.75,50,47050
20240130,13:15:56,7.7,500,47050
20240130,13:16:40,7.6,50,47050
20240130,13:16:52,7.6,250,47050
20240130,13:19:17,7.75,50,47450
20240130,13:23:18,7.9,300,47450
20240130,13:24:10,7.65,200,47750
20240130,13:24:26,7.65,150,47750
20240130,13:26:50,7.3,50,47750
20240130,13:26:58,7.25,50,47750
20240130,13:27:43,7.15,150,47750
20240130,13:28:57,7.1,100,47750
20240130,13:29:41,7.0,400,47750
20240130,13:30:07,7.0,50,48050
20240130,13:30:13,6.95,50,48050
20240130,13:31:00,7.05,100,48050
20240130,13:32:28,7.2,50,48050
20240130,13:32:46,7.2,50,48050
20240130,13:33:30,7.0,50,48050
20240130,13:33:41,6.95,150,48050
20240130,13:33:46,6.85,550,48050
20240130,13:34:04,6.9,350,48050
20240130,13:34:26,6.9,100,48050
20240130,13:34:32,6.85,1800,48050
20240130,13:34:38,6.7,50,48050
20240130,13:34:49,6.65,50,48050
20240130,13:34:55,6.8,250,48050
20240130,13:35:00,6.75,900,48050
20240130,13:35:30,6.75,50,48050
20240130,13:36:00,6.55,50,48100
20240130,13:36:19,6.65,50,48100
20240130,13:36:25,6.5,250,48100
20240130,13:36:31,6.6,100,48100
20240130,13:37:12,6.45,1100,48100
20240130,13:37:48,6.65,250,48100
20240130,13:38:23,6.55,250,48100
20240130,13:40:02,6.5,100,48050
20240130,13:48:02,7.0,50,48050
20240130,13:48:25,6.95,1550,48050
20240130,13:49:59,6.85,50,48050
20240130,13:51:40,6.85,50,48450
20240130,13:55:21,6.85,250,48500
20240130,13:55:29,6.85,250,48500
20240130,13:55:37,6.85,50,48500
20240130,13:56:18,6.85,50,48500
20240130,13:57:23,6.8,700,49050
20240130,14:00:28,6.8,50,49050
20240130,14:04:57,6.7,500,49050
20240130,14:05:04,6.6,100,49050
20240130,14:09:00,6.85,800,49500
20240130,14:11:09,7.0,750,49500
20240130,14:11:17,7.0,250,49500
20240130,14:13:05,6.85,50,50300
20240130,14:13:46,6.8,500,50300
20240130,14:14:56,6.55,50,50300
20240130,14:16:27,6.7,1000,50300
20240130,14:16:35,6.7,250,50300
20240130,14:16:44,6.75,250,50300
20240130,14:17:19,6.8,250,50300
20240130,14:18:49,6.85,250,49850
20240130,14:21:35,7.0,50,50100
20240130,14:22:31,6.95,250,50100
20240130,14:25:14,7.05,50,49850
20240130,14:29:15,7.1,300,49850
20240130,14:31:42,8.05,50,50150
20240130,14:32:15,8.05,200,50150
20240130,14:32:56,7.5,150,50150
20240130,14:33:24,7.6,50,50400
20240130,14:35:07,7.8,200,50400
20240130,14:35:37,8.1,200,50400
20240130,14:35:59,8.25,50,50500
20240130,14:36:09,8.3,200,50500
20240130,14:36:20,8.3,50,50500
20240130,14:36:30,8.65,500,50500
20240130,14:36:41,8.3,200,50500
20240130,14:37:01,8.45,50,50500
20240130,14:38:11,8.0,100,50500
20240130,14:38:52,7.9,300,50500
20240130,14:39:11,7.8,350,50300
20240130,14:39:32,7.7,350,50300
20240130,14:39:42,7.65,50,50300
20240130,14:39:53,7.5,50,50300
20240130,14:40:04,7.5,800,50300
20240130,14:40:13,7.7,800,50300
20240130,14:40:22,7.85,1100,50300
20240130,14:40:33,7.85,50,50300
20240130,14:40:52,7.85,100,50300
20240130,14:41:30,7.75,100,50300
20240130,14:41:40,7.65,100,50300
20240130,14:42:33,7.65,1200,50650
20240130,14:43:00,7.75,50,50650
20240130,14:43:25,7.4,50,50650
20240130,14:43:42,7.3,50,50650
20240130,14:43:59,7.35,50,50650
20240130,14:44:08,7.45,350,50650
20240130,14:44:17,7.4,300,50650
20240130,14:44:44,7.5,250,50650
20240130,14:45:20,7.65,50,50650
20240130,14:45:37,7.55,150,50650
20240130,14:45:55,7.5,600,50650
20240130,14:46:14,7.7,1000,50650
20240130,14:46:23,7.6,350,50650
20240130,14:46:32,7.75,50,50650
20240130,14:47:01,7.5,600,50650
20240130,14:47:21,7.15,50,50650
20240130,14:47:31,7.25,50,50650
20240130,14:47:42,7.0,50,50650
20240130,14:48:21,7.25,600,50600
20240130,14:48:39,7.1,50,50600
20240130,14:48:58,7.0,200,50600
20240130,14:50:23,7.2,250,50600
20240130,14:50:33,7.2,200,50600
20240130,14:50:43,7.15,400,50600
20240130,14:50:53,7.1,200,50600
20240130,14:51:15,7.1,400,51050
20240130,14:51:35,6.9,200,51050
20240130,14:53:13,6.95,50,51050
20240130,14:53:40,7.0,500,51050
20240130,14:53:50,7.0,150,51050
20240130,14:53:59,7.2,450,51050
20240130,14:54:10,7.0,100,51050
20240130,14:54:19,7.1,50,51050
20240130,14:54:48,6.95,1650,51050
20240130,14:55:17,7.15,200,51050
20240130,14:56:16,7.15,200,51050
20240130,14:56:25,7.1,400,51050
20240130,14:56:45,7.0,250,51050
20240130,14:57:03,6.95,200,51050
20240130,14:58:08,6.85,200,52700
20240130,14:58:17,7.0,1150,52700
20240130,14:58:43,6.95,900,52700
20240130,14:58:59,7.05,50,52700
20240130,14:59:18,6.85,50,52700
20240130,14:59:27,6.9,300,52700
20240130,14:59:36,6.9,1350,52700
20240130,14:59:46,6.95,50,52700
20240130,14:59:54,6.95,500,52700
20240130,15:00:04,6.95,550,53700
20240130,15:00:13,6.95,550,53700
20240130,15:00:22,6.8,50,53700
20240130,15:00:44,6.7,300,53700
20240130,15:00:55,6.95,800,53700
20240130,15:01:05,7.1,450,53700
20240130,15:01:16,7.2,1050,53700
20240130,15:01:28,7.05,250,53700
20240130,15:01:39,7.15,50,53700
20240130,15:02:09,7.1,500,53700
20240130,15:02:19,7.2,150,53700
20240130,15:02:45,7.25,200,53700
20240130,15:02:55,7.05,100,53700
20240130,15:03:26,6.9,250,52750
20240130,15:03:36,6.9,100,52750
20240130,15:03:46,6.9,700,52750
20240130,15:04:25,6.95,100,52750
20240130,15:05:30,7.2,500,52750
20240130,15:05:59,7.25,50,52750
20240130,15:06:08,7.3,150,52850
20240130,15:06:54,7.25,50,52850
20240130,15:07:04,7.35,1150,52850
20240130,15:07:13,7.25,450,52850
20240130,15:07:22,7.25,50,52850
20240130,15:07:40,7.2,100,52850
20240130,15:07:59,7.25,450,52850
20240130,15:09:22,7.3,400,53800
20240130,15:10:15,7.4,50,53800
20240130,15:10:24,7.5,50,53800
20240130,15:10:33,7.5,150,53800
20240130,15:10:50,7.2,1800,53800
20240130,15:11:42,7.5,1050,53800
20240130,15:12:43,7.65,250,55550
20240130,15:12:52,7.7,100,55550
20240130,15:13:01,7.75,50,55550
20240130,15:13:09,7.75,100,55550
20240130,15:13:18,7.65,50,55550
20240130,15:13:54,7.55,200,55550
20240130,15:14:04,7.5,350,55550
20240130,15:14:34,7.5,50,55550
20240130,15:15:05,7.4,50,55550
20240130,15:15:16,7.3,50,55500
20240130,15:15:36,7.45,150,55500
20240130,15:15:46,7.5,450,55500
20240130,15:16:05,7.35,600,55500
20240130,15:16:15,7.6,2700,55500
20240130,15:16:25,7.35,150,55500
20240130,15:16:35,7.35,50,55500
20240130,15:17:14,7.15,300,55500
20240130,15:18:04,7.55,550,55500
20240130,15:18:43,7.65,350,56400
20240130,15:18:53,7.55,250,56400
20240130,15:19:02,7.55,50,56400
20240130,15:19:31,7.55,900,56400
20240130,15:20:07,7.5,1350,56400
20240130,15:20:46,7.6,250,56400
20240130,15:21:15,7.45,50,55050
20240130,15:21:45,7.65,500,55050
20240130,15:22:05,7.4,100,55050
20240130,15:22:15,7.35,50,55050
20240130,15:22:25,7.3,100,55050
20240130,15:22:35,7.15,350,55050
20240130,15:22:55,7.15,250,55050
20240130,15:24:26,7.25,100,54800
20240130,15:24:35,7.2,250,54800
20240130,15:24:44,7.2,300,54800
20240130,15:24:53,7.15,450,54800
20240130,15:25:02,7.15,300,54800
20240130,15:25:41,6.85,1250,54800
20240130,15:26:37,6.75,450,54800
20240130,15:26:45,6.8,50,54800
20240130,15:27:58,7.0,2400,55300
20240130,15:28:06,7.0,200,55300
20240130,15:28:23,7.1,500,55300
20240130,15:28:43,7.1,600,55300
20240130,15:29:03,7.15,50,55300
20240130,15:29:33,7.15,50,55300
20240131,09:15:27,8.7,1,54250
20240131,09:15:27,8.8,700,54250
20240131,09:15:36,8.95,50,54250
20240131,09:15:45,8.95,1600,54250
20240131,09:15:45,8.3,1600,54250
20240131,09:16:03,8.95,50,54250
20240131,09:16:36,8.95,50,54250
20240131,09:16:53,8.5,2200,54250
20240131,09:17:07,8.95,400,54250
20240131,09:17:25,9.0,50,54250
20240131,09:17:33,9.0,50,55350
20240131,09:17:41,9.05,1100,55350
20240131,09:18:09,9.15,250,55350
20240131,09:18:17,9.0,1450,55350
20240131,09:18:24,9.0,300,55350
20240131,09:18:32,9.0,150,55350
20240131,09:18:40,8.95,50,55350
20240131,09:19:03,8.75,250,55350
20240131,09:19:10,8.7,450,55350
20240131,09:19:23,8.7,300,55350
20240131,09:19:30,8.75,50,55350
20240131,09:19:49,8.8,100,55350
20240131,09:20:10,8.75,750,55350
20240131,09:20:18,8.65,100,55350
20240131,09:20:25,8.9,100,56300
20240131,09:20:46,8.85,50,56300
20240131,09:21:59,8.85,50,56300
20240131,09:22:06,8.7,650,56300
20240131,09:22:28,8.95,50,56300
20240131,09:22:49,8.75,650,56300
20240131,09:22:56,8.8,50,56300
20240131,09:23:03,8.9,150,56300
20240131,09:23:09,8.75,350,56300
20240131,09:23:24,8.9,100,56300
20240131,09:23:31,8.95,50,56200
20240131,09:23:39,8.75,200,56200
20240131,09:23:52,8.75,50,56200
20240131,09:24:12,8.6,150,56200
20240131,09:24:25,8.7,350,56200
20240131,09:24:32,8.7,150,56200
20240131,09:24:38,8.7,50,56200
20240131,09:24:46,8.7,200,56200
20240131,09:24:52,8.7,50,56200
20240131,09:24:59,8.6,50,56200
20240131,09:25:25,8.65,50,56200
20240131,09:25:39,8.55,200,56200
20240131,09:25:53,8.4,50,56200
20240131,09:26:01,8.4,350,56200
20240131,09:26:24,8.3,200,56150
20240131,09:26:31,8.35,50,56150
20240131,09:26:46,8.4,650,56150
20240131,09:26:53,8.35,50,56150
20240131,09:27:00,8.4,50,56150
20240131,09:27:07,8.25,50,56150
20240131,09:27:34,8.2,800,56150
20240131,09:27:49,8.15,100,56150
20240131,09:27:58,8.0,450,56150
20240131,09:28:07,8.0,50,56150
20240131,09:28:14,8.15,50,56150
20240131,09:28:27,8.2,800,56150
20240131,09:28:34,8.05,550,56150
20240131,09:28:56,8.2,250,56150
20240131,09:29:02,8.3,3400,56150
20240131,09:29:09,8.25,1100,56150
20240131,09:29:16,8.35,300,56150
20240131,09:29:24,8.35,450,57350
20240131,09:29:31,8.35,300,57350
20240131,09:29:46,8.3,2000,57350
20240131,09:29:54,8.3,200,57350
20240131,09:30:02,8.25,1000,57350
20240131,09:30:35,8.4,50,57350
20240131,09:30:42,8.4,250,57350
20240131,09:31:07,8.45,300,57350
20240131,09:31:28,8.45,250,57350
20240131,09:31:35,8.55,300,57350
20240131,09:32:03,8.6,400,57350
20240131,09:32:52,8.4,600,57650
20240131,09:32:59,8.55,850,57650
20240131,09:34:39,8.05,1050,57650
20240131,09:34:53,7.85,50,57650
20240131,09:35:10,7.75,450,57650
20240131,09:35:17,7.75,350,57650
20240131,09:35:53,7.5,100,57650
20240131,09:36:01,7.4,1000,57650
20240131,09:36:09,7.3,50,57650
20240131,09:36:16,7.3,200,57650
20240131,09:36:23,7.25,350,57650
20240131,09:36:30,7.25,100,57650
20240131,09:36:37,7.25,50,57650
20240131,09:36:44,7.15,150,57650
20240131,09:36:52,7.2,50,57650
20240131,09:37:09,7.2,150,57650
20240131,09:38:03,7.15,300,57650
20240131,09:38:29,7.25,250,58100
20240131,09:39:26,7.2,750,58100
20240131,09:39:39,7.3,50,58100
20240131,09:40:55,7.55,600,58100
20240131,09:41:28,7.35,250,58850
20240131,09:41:53,7.2,450,58850
20240131,09:42:24,7.15,800,58850
20240131,09:42:38,7.2,250,58850
20240131,09:42:46,7.2,50,58850
20240131,09:43:31,6.95,200,58850
20240131,09:43:39,6.85,700,58850
20240131,09:43:57,6.85,150,58850
20240131,09:44:51,6.85,50,57900
20240131,09:45:30,6.85,50,57900
20240131,09:45:51,6.9,50,57900
20240131,09:45:57,7.0,150,57900
20240131,09:46:26,7.0,50,57900
20240131,09:46:33,7.05,300,57900
20240131,09:46:48,7.1,150,57900
20240131,09:47:51,6.9,100,57900
20240131,09:48:04,7.05,50,57900
20240131,09:48:24,7.05,200,57900
20240131,09:53:11,7.3,100,58000
20240131,09:53:31,7.3,250,58000
20240131,09:53:51,7.3,350,58000
20240131,09:54:09,7.25,200,58000
20240131,09:55:25,7.5,450,58000
20240131,09:56:05,7.25,50,58000
20240131,09:56:12,7.25,200,58000
20240131,09:58:16,7.2,150,58000
20240131,09:59:01,7.25,250,58000
20240131,09:59:27,7.2,100,58000
20240131,10:00:34,7.35,600,58000
20240131,10:00:48,7.5,50,58000
20240131,10:01:28,7.55,1000,58000
20240131,10:01:41,7.5,50,58000
20240131,10:01:48,7.65,100,58000
20240131,10:03:29,7.55,1800,58100
20240131,10:04:43,7.4,50,58100
20240131,10:05:14,7.1,100,58100
20240131,10:05:22,7.05,1850,58100
20240131,10:05:30,7.0,300,58200
20240131,10:05:59,7.0,1000,58200
20240131,10:06:14,7.1,400,58200
20240131,10:06:29,7.1,200,58200
20240131,10:06:36,7.05,450,58200
20240131,10:06:50,7.0,150,58200
20240131,10:07:43,6.8,200,58200
20240131,10:07:58,6.65,100,58200
20240131,10:08:29,6.5,100,58200
20240131,10:08:47,6.5,2900,59250
20240131,10:10:01,6.5,200,59250
20240131,10:10:14,6.6,500,59250
20240131,10:10:27,6.6,250,59250
20240131,10:10:35,6.6,800,59250
20240131,10:10:55,6.65,250,59250
20240131,10:11:01,6.65,100,59250
20240131,10:11:35,6.85,50,59250
20240131,10:12:24,6.8,250,59250
20240131,10:12:47,6.7,50,59250
20240131,10:13:43,6.7,50,59250
20240131,10:14:02,6.7,50,59250
20240131,10:15:50,6.55,100,59250
20240131,10:16:05,6.6,50,59250
20240131,10:16:42,6.55,250,59250
20240131,10:20:23,6.7,150,59500
20240131,10:21:57,6.75,100,59500
20240131,10:22:09,6.75,300,59500
20240131,10:23:10,6.7,100,59500
20240131,10:24:43,6.7,250,59900
20240131,10:24:48,6.7,300,59900
20240131,10:25:19,6.7,500,59900
20240131,10:26:19,6.85,50,59900
20240131,10:27:09,6.8,300,60400
20240131,10:27:15,6.75,300,60400
20240131,10:28:12,6.9,150,60400
20240131,10:29:40,6.9,50,60450
20240131,10:30:11,6.75,150,60450
20240131,10:30:23,6.7,150,60450
20240131,10:32:07,6.55,200,60450
20240131,10:32:31,6.4,550,60450
20240131,10:32:39,6.4,100,59900
20240131,10:32:46,6.4,500,59900
20240131,10:32:54,6.4,450,59900
20240131,10:33:19,6.4,150,59900
20240131,10:33:35,6.35,50,59900
20240131,10:33:43,6.3,150,59900
20240131,10:35:58,6.3,100,58950
20240131,10:36:26,6.35,250,58950
20240131,10:39:15,6.35,150,58950
20240131,10:39:57,6.3,50,58950
20240131,10:40:04,6.35,50,58950
20240131,10:43:27,6.55,250,58950
20240131,10:43:41,6.6,400,58950
20240131,10:44:50,6.6,500,58950
20240131,10:44:57,6.6,50,58950
20240131,10:45:04,6.6,100,58950
20240131,10:45:24,6.75,350,58950
20240131,10:45:37,6.75,50,58950
20240131,10:48:37,6.55,50,58900
20240131,10:52:18,6.5,500,58900
20240131,10:57:11,6.3,250,58900
20240131,11:00:10,6.3,50,58900
20240131,11:00:58,6.35,50,58900
20240131,11:03:41,6.4,100,58900
20240131,11:05:16,6.4,50,58900
20240131,11:06:21,6.2,250,59000
20240131,11:06:28,6.2,50,59000
20240131,11:06:34,6.2,250,59000
20240131,11:06:40,6.2,250,59000
20240131,11:06:59,6.3,50,59000
20240131,11:07:25,6.15,50,59000
20240131,11:07:52,6.05,1000,59000
20240131,11:08:05,6.05,50,59000
20240131,11:08:31,6.15,250,59000
20240131,11:08:53,6.15,200,59250
20240131,11:10:22,6.2,250,59250
20240131,11:11:06,6.15,100,59250
20240131,11:13:29,6.35,500,58950
20240131,11:14:03,6.35,50,58950
20240131,11:14:21,6.4,1200,58950
20240131,11:14:38,6.4,150,58950
20240131,11:15:46,6.4,850,59850
20240131,11:16:54,6.5,650,59850
20240131,11:17:18,6.4,50,59850
20240131,11:17:24,6.5,350,59850
20240131,11:18:22,6.45,50,60900
20240131,11:21:52,6.45,50,60900
20240131,11:22:20,6.5,100,60900
20240131,11:22:32,6.5,800,60900
20240131,11:22:39,6.5,150,60900
20240131,11:23:43,6.5,250,60900
20240131,11:23:49,6.4,50,60900
20240131,11:24:07,6.5,250,60900
20240131,11:24:13,6.5,250,60900
20240131,11:24:20,6.45,300,60900
20240131,11:25:01,6.5,100,60900
20240131,11:25:58,6.45,50,60900
20240131,11:26:46,6.45,50,60950
20240131,11:27:04,6.45,650,60950
20240131,11:30:25,6.15,200,60950
20240131,11:30:32,6.05,850,60950
20240131,11:31:01,6.15,100,60950
20240131,11:31:31,6.1,700,60950
20240131,11:31:45,6.1,600,60950
20240131,11:31:53,6.1,1200,60950
20240131,11:32:01,6.15,3650,60950
20240131,11:32:08,6.2,500,60950
20240131,11:32:22,6.15,1500,60950
20240131,11:33:46,6.15,550,59850
20240131,11:33:53,6.15,450,59850
20240131,11:34:00,6.15,50,59850
20240131,11:34:06,6.1,100,59850
20240131,11:34:24,6.1,100,59850
20240131,11:34:30,6.2,250,59850
20240131,11:34:36,6.15,100,59850
20240131,11:35:19,6.2,100,59850
20240131,11:35:38,6.35,100,59850
20240131,11:37:41,6.4,50,59550
20240131,11:38:13,6.4,600,59550
20240131,11:38:42,6.45,500,59550
20240131,11:38:49,6.4,250,59550
20240131,11:39:34,6.4,50,59550
20240131,11:40:19,6.4,100,59550
20240131,11:40:46,6.4,50,59550
20240131,11:40:52,6.45,50,59550
20240131,11:41:16,6.45,400,59550
20240131,11:41:23,6.45,1350,59550
20240131,11:41:29,6.45,1200,59550
20240131,11:41:35,6.5,1850,59550
20240131,11:41:47,6.5,500,61350
20240131,11:42:38,6.5,3200,61350
20240131,11:42:48,6.5,150,61350
20240131,11:43:11,6.5,100,61350
20240131,11:44:07,6.55,50,61350
20240131,11:45:01,6.45,650,61150
20240131,11:45:12,6.4,300,61150
20240131,11:46:42,6.55,300,61150
20240131,11:46:59,6.45,500,61150
20240131,11:47:05,6.4,50,61150
20240131,11:47:23,6.5,250,61150
20240131,11:49:12,6.45,200,60300
20240131,11:49:22,6.4,50,60300
20240131,11:49:57,6.4,200,60300
20240131,11:50:02,6.5,150,60300
20240131,11:50:40,6.5,1000,60300
20240131,11:51:53,6.5,50,60000
20240131,11:52:59,6.5,550,60000
20240131,11:53:04,6.5,350,60000
20240131,11:53:53,6.4,50,59200
20240131,11:54:05,6.4,50,59200
20240131,11:54:11,6.35,50,59200
20240131,11:55:55,6.35,50,59200
20240131,11:56:01,6.35,50,59200
20240131,11:56:07,6.35,50,59200
20240131,11:56:41,6.3,50,59200
20240131,11:56:56,6.3,250,59350
20240131,11:57:01,6.35,600,59350
20240131,11:57:11,6.35,250,59350
20240131,11:57:16,6.35,250,59350
20240131,11:57:40,6.35,50,59350
20240131,11:57:47,6.35,750,59350
20240131,11:59:05,6.3,250,59350
20240131,11:59:23,6.3,50,59350
20240131,11:59:57,6.3,50,59900
20240131,12:00:03,6.25,400,59900
20240131,12:00:09,6.25,50,59900
20240131,12:00:25,6.25,100,59900
20240131,12:00:40,6.25,50,59900
20240131,12:00:51,6.25,100,59900
20240131,12:01:00,6.25,50,59900
20240131,12:05:35,6.1,250,59750
20240131,12:05:48,6.1,750,59500
20240131,12:05:55,6.1,250,59500
20240131,12:06:08,6.05,600,59500
20240131,12:07:10,5.95,100,59500
20240131,12:07:46,5.95,200,59500
20240131,12:08:08,5.95,50,59500
20240131,12:08:53,5.95,50,58000
20240131,12:11:32,6.0,50,58000
20240131,12:12:53,6.05,50,58050
20240131,12:13:20,6.0,100,58050
20240131,12:13:37,5.95,50,58050
20240131,12:14:25,6.2,9500,58050
20240131,12:14:46,6.2,4250,67350
20240131,12:15:03,6.3,6300,67350
20240131,12:15:16,6.2,600,67350
20240131,12:17:40,6.35,50,67350
20240131,12:19:07,6.3,250,73450
20240131,12:19:12,6.4,250,73450
20240131,12:19:39,6.4,250,73450
20240131,12:19:44,6.35,250,73450
20240131,12:19:49,6.4,250,73450
20240131,12:23:42,6.5,50,73800
20240131,12:24:30,6.5,50,73750
20240131,12:25:46,6.3,50,73750
20240131,12:25:50,6.4,100,73750
20240131,12:26:11,6.35,300,73750
20240131,12:26:15,6.35,250,73750
20240131,12:27:05,6.4,50,74350
20240131,12:27:50,6.55,50,74350
20240131,12:28:04,6.55,50,74350
20240131,12:28:11,6.6,600,74350
20240131,12:29:09,6.65,300,74350
20240131,12:29:23,6.5,4300,74350
20240131,12:29:30,6.5,2150,74350
20240131,12:29:43,6.45,500,74350
20240131,12:29:50,6.4,4100,67050
20240131,12:30:03,6.3,10000,67050
20240131,12:31:17,6.4,50,67050
20240131,12:32:10,6.5,50,67050
20240131,12:32:27,6.45,250,67050
20240131,12:33:27,6.45,300,62200
20240131,12:34:33,6.3,50,62200
20240131,12:36:57,6.2,250,61900
20240131,12:38:47,6.1,50,61900
20240131,12:39:03,6.1,50,61650
20240131,12:40:11,6.1,400,61650
20240131,12:40:22,6.2,250,61650
20240131,12:40:37,6.25,500,61650
20240131,12:40:43,6.2,50,61650
20240131,12:40:57,6.15,600,61650
20240131,12:41:03,6.15,400,61650
20240131,12:41:48,6.2,50,61150
20240131,12:42:48,6.25,950,61150
20240131,12:42:54,6.3,50,61150
20240131,12:43:14,6.3,50,61150
20240131,12:43:21,6.3,200,61150
20240131,12:43:27,6.35,350,61150
20240131,12:44:10,6.5,200,61150
20240131,12:44:46,6.5,450,61150
20240131,12:44:52,6.6,200,60100
20240131,12:44:59,6.65,50,60100
20240131,12:45:06,6.65,950,60100
20240131,12:45:13,6.75,50,60100
20240131,12:45:19,6.75,50,60100
20240131,12:47:52,6.6,250,59850
20240131,12:48:04,6.6,250,59850
20240131,12:48:21,6.55,250,59850
20240131,12:48:34,6.45,150,59850
20240131,12:48:41,6.5,100,59850
20240131,12:48:54,6.55,100,59850
20240131,12:49:00,6.55,350,59850
20240131,12:49:06,6.55,50,59850
20240131,12:50:46,6.45,50,59850
20240131,12:50:52,6.55,100,59850
20240131,12:51:34,6.55,50,59850
20240131,12:51:47,6.55,50,59850
20240131,12:51:54,6.55,50,59850
20240131,12:52:01,6.6,250,59850
20240131,12:52:15,6.55,50,59850
20240131,12:52:22,6.55,200,59850
20240131,12:53:05,6.55,200,59850
20240131,12:53:29,6.5,200,59850
20240131,12:53:35,6.55,200,59850
20240131,12:56:00,6.55,200,59300
20240131,12:59:07,6.4,600,59300
20240131,12:59:29,6.35,50,59300
20240131,12:59:41,6.35,100,59300
20240131,13:00:05,6.35,100,58950
20240131,13:00:18,6.35,1250,58950
20240131,13:00:25,6.35,500,58950
20240131,13:00:32,6.25,350,58950
20240131,13:00:39,6.25,800,58950
20240131,13:00:52,6.3,50,58950
20240131,13:01:17,6.3,450,58950
20240131,13:01:24,6.25,550,58950
20240131,13:01:37,6.25,250,58950
20240131,13:01:43,6.25,50,58950
20240131,13:02:01,6.2,300,58950
20240131,13:02:07,6.2,550,58950
20240131,13:02:14,6.2,100,58950
20240131,13:02:21,6.2,200,58950
20240131,13:02:27,6.2,450,58950
20240131,13:02:33,6.2,50,58950
20240131,13:03:09,6.2,150,58700
20240131,13:03:15,6.2,300,58700
20240131,13:03:22,6.25,250,58700
20240131,13:03:28,6.3,150,58700
20240131,13:03:41,6.3,50,58700
20240131,13:04:25,6.2,1800,58700
20240131,13:04:31,6.3,500,58700
20240131,13:04:37,6.25,300,58700
20240131,13:04:42,6.2,100,58700
20240131,13:04:48,6.2,500,58700
20240131,13:04:54,6.2,250,58700
20240131,13:05:06,6.3,50,58700
20240131,13:05:13,6.2,300,58700
20240131,13:05:47,6.2,100,58700
20240131,13:05:53,6.2,100,60750
20240131,13:06:47,6.25,300,60750
20240131,13:06:52,6.2,350,60750
20240131,13:07:04,6.25,200,60750
20240131,13:07:26,6.2,100,60750
20240131,13:07:31,6.25,200,60750
20240131,13:07:47,6.25,100,60750
20240131,13:08:09,6.25,50,60750
20240131,13:08:14,6.25,150,60750
20240131,13:10:18,6.25,50,60750
20240131,13:10:35,6.25,200,60750
20240131,13:10:46,6.2,100,60750
20240131,13:11:02,6.15,100,60750
20240131,13:11:08,6.1,100,60750
20240131,13:11:14,6.25,550,60750
20240131,13:11:26,6.25,50,60750
20240131,13:11:32,6.25,50,60750
20240131,13:11:44,6.1,100,60750
20240131,13:11:50,6.2,50,60750
20240131,13:11:56,6.25,50,61350
20240131,13:12:02,6.25,250,61350
20240131,13:12:07,6.25,450,61350
20240131,13:12:13,6.1,100,61350
20240131,13:12:19,6.25,250,61350
20240131,13:12:25,6.25,50,61350
20240131,13:12:31,6.1,50,61350
20240131,13:12:57,6.2,150,61350
20240131,13:13:09,6.1,900,61350
20240131,13:13:16,6.2,400,61350
20240131,13:13:29,6.2,50,61350
20240131,13:13:49,6.2,350,61350
20240131,13:15:13,6.15,650,62950
20240131,13:16:16,6.15,1050,62950
20240131,13:16:51,6.15,250,62950
20240131,13:17:04,6.2,250,62950
20240131,13:17:17,6.2,250,62950
20240131,13:17:52,6.25,500,62950
20240131,13:17:57,6.25,250,64300
20240131,13:18:19,6.25,250,64300
20240131,13:20:13,6.15,250,64300
20240131,13:22:45,6.35,100,64350
20240131,13:23:18,6.2,50,64350
20240131,13:25:49,6.25,200,64450
20240131,13:27:23,6.25,300,64250
20240131,13:28:55,6.3,50,64250
20240131,13:30:32,6.15,100,64000
20240131,13:30:54,6.1,650,64000
20240131,13:32:08,6.0,100,64000
20240131,13:32:47,5.95,50,64000
20240131,13:33:02,5.95,100,63800
20240131,13:35:35,6.15,50,63800
20240131,13:36:46,6.1,200,63750
20240131,13:38:11,6.15,100,63750
20240131,13:38:18,6.15,50,63750
20240131,13:38:33,6.3,50,63750
20240131,13:39:30,6.2,150,63550
20240131,13:40:10,6.15,50,63550
20240131,13:40:32,6.25,100,63550
20240131,13:40:40,6.3,150,63550
20240131,13:40:56,6.3,250,63550
20240131,13:41:19,6.35,400,63550
20240131,13:41:27,6.3,100,63550
20240131,13:42:51,6.2,200,63450
20240131,13:42:58,6.3,100,63450
20240131,13:45:19,6.25,2050,63350
20240131,13:45:56,6.25,650,63350
20240131,13:46:23,6.2,600,63350
20240131,13:46:30,6.25,350,63350
20240131,13:47:05,6.3,100,63350
20240131,13:47:13,6.35,400,63350
20240131,13:47:20,6.3,100,63350
20240131,13:47:42,6.35,250,63350
20240131,13:48:10,6.4,500,63250
20240131,13:48:17,6.45,250,63250
20240131,13:49:00,6.4,1050,63250
20240131,13:49:19,6.4,500,63250
20240131,13:50:00,6.55,100,63250
20240131,13:50:44,6.4,100,63250
20240131,13:50:54,6.5,50,63250
20240131,13:51:01,6.4,150,63250
20240131,13:51:07,6.4,100,63000
20240131,13:51:26,6.4,50,63000
20240131,13:51:32,6.35,350,63000
20240131,13:52:34,6.35,100,63000
20240131,13:53:03,6.15,500,63000
20240131,13:53:22,6.2,50,63000
20240131,13:53:50,6.25,100,63000
20240131,13:54:04,6.1,50,63450
20240131,13:55:53,6.15,50,63450
20240131,13:56:00,6.15,50,63450
20240131,13:56:24,5.95,50,63450
20240131,13:56:31,6.0,950,63450
20240131,13:56:39,6.1,500,63450
20240131,13:56:46,6.1,1900,63450
20240131,13:56:53,6.0,1500,63450
20240131,13:57:00,6.1,400,63050
20240131,13:57:06,6.1,1100,63050
20240131,13:57:12,6.0,1000,63050
20240131,13:57:19,6.1,1050,63050
20240131,13:57:26,6.05,350,63050
20240131,13:57:33,6.05,900,63050
20240131,13:57:40,6.1,2600,63050
20240131,13:57:47,5.95,1250,63050
20240131,13:57:54,5.9,500,63050
20240131,13:58:00,6.0,1200,63050
20240131,13:58:06,5.85,350,63050
20240131,13:58:20,5.95,150,63050
20240131,13:58:40,6.0,700,63050
20240131,13:58:58,5.95,450,63050
20240131,13:59:05,5.95,500,63050
20240131,13:59:11,5.95,650,63050
20240131,13:59:29,5.9,200,63050
20240131,13:59:35,5.9,200,63050
20240131,13:59:42,5.85,1900,63050
20240131,13:59:54,5.8,400,63050
20240131,14:00:26,5.8,400,62950
20240131,14:01:06,5.8,1000,62950
20240131,14:01:35,5.8,100,62950
20240131,14:02:32,5.75,200,62950
20240131,14:03:48,5.75,50,62950
20240131,14:03:53,5.75,250,62950
20240131,14:03:58,5.8,450,62950
20240131,14:05:22,5.8,200,62950
20240131,14:05:33,5.75,200,62950
20240131,14:12:08,5.95,250,62950
20240131,14:14:59,5.85,650,62950
20240131,14:15:18,5.85,650,63050
20240131,14:16:45,5.95,50,63050
20240131,14:16:55,5.9,50,63050
20240131,14:18:59,5.9,50,63100
20240131,14:19:42,5.85,150,63100
20240131,14:23:34,5.85,50,63100
20240131,14:23:51,5.95,50,63100
20240131,14:27:47,5.9,50,63150
20240131,14:32:18,5.95,150,63200
20240131,14:34:42,5.9,50,63350
20240131,14:34:52,5.9,50,63350
20240131,14:35:46,6.0,50,63350
20240131,14:36:54,5.9,300,63350
20240131,14:38:31,5.9,50,63350
20240131,14:39:05,5.9,50,63300
20240131,14:40:14,5.9,150,63300
20240131,14:40:45,5.75,1800,63300
20240131,14:42:49,5.75,250,65100
20240131,14:42:54,5.75,250,65100
20240131,14:42:59,5.75,1000,65100
20240131,14:43:14,5.75,50,65100
20240131,14:43:25,5.85,250,65100
20240131,14:43:29,5.75,400,65100
20240131,14:44:10,5.7,250,65100
20240131,14:45:23,5.65,50,64100
20240131,14:45:43,5.65,50,64100
20240131,14:46:27,5.55,100,64100
20240131,14:48:29,5.55,350,64150
20240131,14:50:57,5.95,50,64150
20240131,14:51:04,6.0,300,64150
20240131,14:51:41,5.95,200,64150
20240131,14:52:02,5.9,250,64150
20240131,14:54:03,5.95,50,64150
20240131,14:54:13,5.95,100,64150
20240131,14:54:31,5.95,250,64150
20240131,14:54:36,6.0,100,64150
20240131,14:54:54,6.0,350,64150
20240131,14:54:59,5.9,250,64150
20240131,14:55:23,6.0,50,64150
20240131,14:55:59,6.0,50,64150
20240131,14:56:02,6.0,2600,64150
20240131,14:56:07,6.0,450,64150
20240131,14:56:12,6.0,3000,64150
20240131,14:56:20,6.05,50,64150
20240131,14:56:24,6.05,50,64150
20240131,14:56:28,6.1,1000,64150
20240131,14:56:48,6.1,3000,64150
20240131,14:57:28,6.0,50,67250
20240131,14:57:33,6.05,50,67250
20240131,14:58:03,6.05,600,67250
20240131,14:58:12,6.1,50,67250
20240131,14:59:08,6.05,100,67250
20240131,14:59:34,6.05,150,67250
20240131,14:59:59,6.15,50,67250
20240131,15:00:31,6.1,100,66700
20240131,15:00:56,6.05,1250,66700
20240131,15:01:06,6.15,50,66700
20240131,15:01:11,6.1,50,66700
20240131,15:01:28,6.0,150,66700
20240131,15:01:45,6.15,150,66700
20240131,15:02:16,6.1,250,66700
20240131,15:03:25,6.1,100,65600
20240131,15:04:06,6.15,300,65600
20240131,15:04:12,6.1,550,65600
20240131,15:04:32,6.1,1050,65600
20240131,15:05:08,6.1,100,65600
20240131,15:05:13,6.1,1150,65600
20240131,15:05:19,6.05,50,65600
20240131,15:05:30,6.05,200,65600
20240131,15:06:01,6.0,500,65600
20240131,15:07:15,6.1,350,63800
20240131,15:07:21,6.1,50,63800
20240131,15:07:31,6.05,100,63800
20240131,15:07:46,6.05,100,63800
20240131,15:08:02,6.0,50,63800
20240131,15:08:19,6.05,350,63800
20240131,15:08:25,6.15,2100,63800
20240131,15:08:51,6.25,550,63800
20240131,15:08:58,6.3,1800,63800
20240131,15:09:18,6.3,300,64000
20240131,15:09:30,6.2,250,64000
20240131,15:09:36,6.25,400,64000
20240131,15:09:42,6.2,50,64000
20240131,15:10:00,6.2,300,64000
20240131,15:10:11,6.25,500,64000
20240131,15:10:36,6.3,250,64000
20240131,15:10:54,6.25,500,64000
20240131,15:11:25,6.2,850,64000
20240131,15:11:31,6.2,600,64000
20240131,15:11:38,6.3,500,64000
20240131,15:11:44,6.35,100,64000
20240131,15:12:23,6.25,200,62900
20240131,15:12:41,6.15,900,62900
20240131,15:12:58,6.15,1800,62900
20240131,15:14:10,6.25,150,62900
20240131,15:14:38,6.5,10000,62900
20240131,15:14:56,6.5,11300,62900
20240131,15:15:21,6.5,300,75700
20240131,15:15:27,6.45,50,75700
20240131,15:15:33,6.35,400,75700
20240131,15:15:40,6.4,750,75700
20240131,15:15:46,6.4,300,75700
20240131,15:15:58,6.35,50,75700
20240131,15:16:04,6.35,350,75700
20240131,15:16:22,6.3,200,75700
20240131,15:16:28,6.35,50,75700
20240131,15:16:34,6.45,100,75700
20240131,15:16:46,6.4,50,75700
20240131,15:17:30,6.45,650,75700
20240131,15:17:35,6.45,1200,75700
20240131,15:17:41,6.45,350,75700
20240131,15:17:46,6.45,500,75700
20240131,15:17:59,6.45,150,75700
20240131,15:18:04,6.4,200,75700
20240131,15:18:20,6.4,600,73600
20240131,15:19:26,6.55,300,73600
20240131,15:19:43,6.5,300,73600
20240131,15:19:48,6.55,50,73600
20240131,15:20:09,6.5,200,73600
20240131,15:20:25,6.6,350,73600
20240131,15:20:58,6.55,50,73600
20240131,15:21:02,6.65,450,73600
20240131,15:21:07,6.5,200,73600
20240131,15:21:18,6.5,400,72900
20240131,15:21:29,6.65,50,72900
20240131,15:21:39,6.7,200,72900
20240131,15:21:59,6.65,50,72900
20240131,15:22:04,6.55,200,72900
20240131,15:22:14,6.6,400,72900
20240131,15:22:24,6.55,350,72900
20240131,15:22:30,6.55,50,72900
20240131,15:22:35,6.55,150,72900
20240131,15:22:56,6.65,50,72900
20240131,15:23:11,6.55,200,72900
20240131,15:23:21,6.5,400,72900
20240131,15:23:26,6.5,50,72900
20240131,15:23:46,6.5,50,72900
20240131,15:24:07,6.45,50,72900
20240131,15:24:28,6.4,50,72450
20240131,15:24:34,6.45,50,72450
20240131,15:24:39,6.55,100,72450
20240131,15:25:03,6.5,100,72450
20240131,15:25:28,6.55,100,72450
20240131,15:25:33,6.55,150,72450
20240131,15:25:50,6.5,50,72450
20240131,15:26:21,6.4,150,72450
20240131,15:26:31,6.45,2050,72450
20240131,15:26:36,6.4,1150,72450
20240131,15:26:41,6.4,1150,72450
20240131,15:27:22,6.35,350,70450
20240131,15:27:33,6.5,150,70450
20240131,15:27:38,6.35,150,70450
20240131,15:27:58,6.55,300,70450
20240131,15:28:03,6.6,200,70450
20240131,15:28:09,6.4,850,70450
20240131,15:28:19,6.45,50,70450
20240131,15:28:24,6.3,600,70450
20240131,15:28:35,6.5,150,70450
20240131,15:28:40,6.6,50,70450
20240131,15:28:46,6.7,450,70450
20240131,15:28:58,6.55,50,70450
20240131,15:29:10,6.75,150,70450
20240131,15:29:16,6.8,1250,70450
20240131,15:29:29,6.8,50,70450
20240131,15:29:41,6.75,50,70450
20240131,15:29:49,6.55,800,70450
20240201,09:15:00,6.55,1,70700
20240201,09:15:00,6.4,100,70700
20240201,09:15:08,6.6,250,70700
20240201,09:15:08,6.35,250,70700
20240201,09:15:18,6.25,300,70700
20240201,09:15:29,5.55,50,70700
20240201,09:15:41,5.55,1350,70700
20240201,09:15:51,6.15,100,70700
20240201,09:16:01,6.2,400,70700
20240201,09:16:11,6.25,750,70700
20240201,09:16:21,6.45,700,70700
20240201,09:16:31,6.5,100,70700
20240201,09:16:41,6.65,250,70700
20240201,09:16:51,6.55,100,70700
20240201,09:17:01,6.45,900,70700
20240201,09:17:12,6.4,300,70700
20240201,09:17:21,6.85,1700,70700
20240201,09:17:31,6.95,1200,73700
20240201,09:17:41,7.0,1700,73700
20240201,09:17:50,7.1,450,73700
20240201,09:18:00,7.15,700,73700
20240201,09:18:10,7.2,1200,73700
20240201,09:18:20,7.25,350,73700
20240201,09:18:30,7.3,850,73700
20240201,09:18:40,7.15,1300,73700
20240201,09:18:50,7.1,150,73700
20240201,09:19:00,7.25,250,73700
20240201,09:19:29,7.25,100,73700
20240201,09:19:39,7.15,550,73700
20240201,09:19:49,7.4,450,73700
20240201,09:19:58,7.2,100,73700
20240201,09:20:08,7.2,1050,73700
20240201,09:20:37,7.4,250,74700
20240201,09:21:04,7.15,150,74700
20240201,09:21:14,7.15,50,74700
20240201,09:21:51,7.3,50,74700
20240201,09:22:00,7.2,550,74700
20240201,09:22:10,7.15,150,74700
20240201,09:22:51,6.95,150,74700
20240201,09:23:00,7.0,50,74700
20240201,09:23:11,6.9,50,74700
20240201,09:23:21,7.0,50,74700
20240201,09:23:32,7.15,400,74900
20240201,09:23:42,7.1,50,74900
20240201,09:24:13,7.0,50,74900
20240201,09:24:22,7.05,400,74900
20240201,09:24:31,7.05,200,74900
20240201,09:24:39,7.05,300,74900
20240201,09:24:48,7.1,650,74900
20240201,09:24:57,7.1,400,74900
20240201,09:25:06,7.1,950,74900
20240201,09:25:33,7.0,100,74900
20240201,09:25:58,7.1,50,74900
20240201,09:26:07,7.15,150,74900
20240201,09:26:15,7.1,150,74900
20240201,09:26:25,7.15,250,74900
20240201,09:26:34,7.25,50,74800
20240201,09:26:43,7.15,150,74800
20240201,09:27:26,7.3,50,74800
20240201,09:27:43,7.25,50,74800
20240201,09:28:01,7.1,100,74800
20240201,09:28:10,7.25,50,74800
20240201,09:28:20,7.1,150,74800
20240201,09:28:29,6.8,1400,74800
20240201,09:28:39,6.8,50,74800
20240201,09:29:15,6.7,100,74800
20240201,09:29:24,6.65,600,74800
20240201,09:29:34,6.7,800,75200
20240201,09:29:43,6.6,100,75200
20240201,09:29:51,6.7,50,75200
20240201,09:30:00,6.55,1150,75200
20240201,09:30:10,6.5,200,75200
20240201,09:30:19,6.5,50,75200
20240201,09:31:11,6.5,300,75200
20240201,09:31:20,6.4,100,75200
20240201,09:31:28,6.5,850,75200
20240201,09:31:37,6.5,750,75200
20240201,09:31:46,6.5,50,75200
20240201,09:31:55,6.5,250,75200
20240201,09:32:04,6.5,300,75200
20240201,09:32:22,6.4,250,75200
20240201,09:32:31,6.45,450,76950
20240201,09:32:40,6.5,150,76950
20240201,09:32:48,6.4,500,76950
20240201,09:33:06,6.4,400,76950
20240201,09:33:25,6.45,150,76950
20240201,09:33:34,6.5,100,76950
20240201,09:33:43,6.4,600,76950
20240201,09:34:10,6.4,650,76950
20240201,09:34:19,6.35,100,76950
20240201,09:34:27,6.4,50,76950
20240201,09:34:36,6.35,50,76950
20240201,09:34:44,6.35,100,76950
20240201,09:34:53,6.4,250,76950
20240201,09:35:02,6.35,100,76950
20240201,09:35:11,6.35,150,76950
20240201,09:35:20,6.35,500,76950
20240201,09:35:28,6.35,250,76950
20240201,09:36:12,6.4,50,76500
20240201,09:36:21,6.35,300,76500
20240201,09:36:28,6.4,50,76500
20240201,09:36:45,6.4,400,76500
20240201,09:37:09,6.3,100,76500
20240201,09:37:33,6.35,100,76500
20240201,09:38:22,6.35,400,76500
20240201,09:38:30,6.35,250,76500
20240201,09:38:55,6.4,650,76200
20240201,09:39:33,6.35,100,76200
20240201,09:39:51,6.35,300,76200
20240201,09:40:08,6.3,400,76200
20240201,09:40:16,6.2,1650,76200
20240201,09:40:52,6.1,150,76200
20240201,09:41:02,6.05,400,76200
20240201,09:41:10,6.1,700,76200
20240201,09:41:18,6.05,100,76200
20240201,09:42:03,6.1,200,76050
20240201,09:42:10,6.1,100,76050
20240201,09:42:18,6.1,100,76050
20240201,09:42:25,6.05,600,76050
20240201,09:42:57,6.0,300,76050
20240201,09:43:13,6.1,100,76050
20240201,09:43:21,6.0,100,76050
20240201,09:43:52,6.0,300,76050
20240201,09:43:59,6.05,50,76050
20240201,09:44:06,5.95,1050,76050
20240201,09:44:29,6.0,600,76050
20240201,09:44:52,5.9,150,76350
20240201,09:45:24,5.8,600,76350
20240201,09:45:32,5.85,100,76350
20240201,09:45:48,5.85,50,76350
20240201,09:46:05,5.75,50,76350
20240201,09:46:14,5.8,450,76350
20240201,09:46:47,5.85,100,76350
20240201,09:46:54,5.85,50,76350
20240201,09:47:35,5.9,50,75950
20240201,09:47:44,5.9,50,75950
20240201,09:47:52,5.85,500,75950
20240201,09:47:59,5.9,950,75950
20240201,09:49:11,5.85,1050,75950
20240201,09:49:25,5.95,100,75950
20240201,09:49:32,5.9,350,75950
20240201,09:49:39,5.9,50,75950
20240201,09:50:23,5.9,50,75950
20240201,09:50:31,5.9,200,77650
20240201,09:50:37,5.9,100,77650
20240201,09:50:45,6.0,900,77650
20240201,09:50:53,5.9,250,77650
20240201,09:51:01,5.85,150,77650
20240201,09:51:10,5.8,250,77650
20240201,09:51:17,5.85,200,77650
20240201,09:51:25,5.85,200,77650
20240201,09:51:33,5.9,200,77650
20240201,09:52:44,5.9,100,77650
20240201,09:53:04,5.9,50,77650
20240201,09:53:25,5.85,150,77650
20240201,09:53:31,5.8,550,77650
20240201,09:54:40,5.7,250,78900
20240201,09:54:48,5.7,250,78900
20240201,09:54:55,5.8,50,78900
20240201,09:55:02,5.85,500,78900
20240201,09:55:11,5.8,300,78900
20240201,09:55:40,5.75,100,78900
20240201,09:56:02,5.75,700,78900
20240201,09:56:37,5.75,100,78300
20240201,09:56:45,5.7,350,78300
20240201,09:57:02,5.65,100,78300
20240201,09:57:19,5.65,100,78300
20240201,09:57:34,5.65,450,78300
20240201,09:57:49,5.55,1000,78300
20240201,09:58:04,5.55,150,78300
20240201,09:58:12,5.55,50,78300
20240201,09:58:19,5.65,350,78300
20240201,09:58:26,5.65,200,78300
20240201,09:58:41,5.8,1550,78300
20240201,09:58:47,5.75,50,78300
20240201,09:59:06,5.75,150,78300
20240201,10:00:02,5.65,50,79450
20240201,10:00:10,5.75,800,79450
20240201,10:00:41,5.7,50,79450
20240201,10:01:15,5.7,700,79450
20240201,10:01:30,5.8,1400,79450
20240201,10:01:50,5.75,50,79450
20240201,10:02:30,5.85,100,79450
20240201,10:02:36,5.9,50,80050
20240201,10:02:43,5.9,50,80050
20240201,10:03:08,6.0,150,80050
20240201,10:03:17,5.9,50,80050
20240201,10:03:25,6.0,250,80050
20240201,10:03:38,5.95,100,80050
20240201,10:03:48,5.95,50,80050
20240201,10:04:00,5.85,100,80050
20240201,10:04:06,5.9,250,80050
20240201,10:04:12,5.9,350,80050
20240201,10:04:18,5.9,750,80050
20240201,10:04:35,5.9,250,80050
20240201,10:04:41,5.85,250,80050
20240201,10:04:52,5.85,250,80050
20240201,10:05:04,5.95,150,80050
20240201,10:05:10,5.95,1200,80050
20240201,10:05:15,5.85,50,80050
20240201,10:06:06,5.85,250,78850
20240201,10:06:12,5.95,50,78850
20240201,10:06:23,5.95,300,78850
20240201,10:06:46,5.85,100,78850
20240201,10:06:52,5.85,50,78850
20240201,10:06:57,5.85,50,78850
20240201,10:07:03,5.85,50,78850
20240201,10:07:08,5.8,500,78850
20240201,10:07:14,5.8,200,78850
20240201,10:07:53,5.8,700,78850
20240201,10:08:00,5.85,1600,78850
20240201,10:08:10,5.9,1600,78850
20240201,10:08:18,5.65,1250,78850
20240201,10:08:27,5.75,100,78850
20240201,10:08:36,5.6,250,78850
20240201,10:08:44,5.65,50,80400
20240201,10:08:52,5.5,250,80400
20240201,10:08:59,5.5,750,80400
20240201,10:09:08,5.45,650,80400
20240201,10:09:17,5.6,50,80400
20240201,10:09:25,5.7,550,80400
20240201,10:09:34,5.6,300,80400
20240201,10:09:42,5.7,150,80400
20240201,10:09:51,5.8,750,80400
20240201,10:09:59,5.8,150,80400
20240201,10:10:37,5.7,50,80400
20240201,10:10:43,5.7,250,80400
20240201,10:11:11,5.7,250,80400
20240201,10:11:17,5.75,100,80400
20240201,10:11:44,5.7,200,79950
20240201,10:11:59,5.75,100,79950
20240201,10:12:06,5.7,700,79950
20240201,10:12:14,5.75,2800,79950
20240201,10:12:22,5.7,1350,79950
20240201,10:12:30,5.75,650,79950
20240201,10:12:37,5.65,450,79950
20240201,10:12:51,5.7,250,79950
20240201,10:13:17,5.8,950,79950
20240201,10:13:39,5.75,1200,79950
20240201,10:13:47,5.75,750,79950
20240201,10:13:56,5.7,150,79950
20240201,10:14:11,5.7,500,79950
20240201,10:14:24,5.65,50,79950
20240201,10:14:30,5.7,150,79950
20240201,10:14:37,5.7,150,84250
20240201,10:14:42,5.7,150,84250
20240201,10:15:27,5.7,100,84250
20240201,10:15:41,5.75,1250,84250
20240201,10:15:54,5.85,800,84250
20240201,10:16:07,5.9,1700,84250
20240201,10:16:14,5.85,150,84250
20240201,10:16:22,5.8,800,84250
20240201,10:16:29,5.8,800,84250
20240201,10:16:37,5.8,200,84250
20240201,10:16:44,5.85,200,84250
20240201,10:16:59,5.85,50,84250
20240201,10:17:05,5.9,500,84250
20240201,10:17:12,5.85,450,84250
20240201,10:17:18,5.85,450,84250
20240201,10:17:24,5.85,350,84250
20240201,10:17:30,5.85,100,84250
20240201,10:17:36,5.85,50,87450
20240201,10:17:51,5.8,600,87450
20240201,10:17:59,5.85,400,87450
20240201,10:18:06,5.85,200,87450
20240201,10:18:19,5.85,450,87450
20240201,10:18:25,5.85,500,87450
20240201,10:18:31,5.85,250,87450
20240201,10:18:37,5.85,850,87450
20240201,10:18:43,5.85,500,87450
20240201,10:18:49,5.85,650,87450
20240201,10:18:55,5.8,300,87450
20240201,10:19:01,5.85,100,87450
20240201,10:19:07,5.85,550,87450
20240201,10:19:13,5.85,300,87450
20240201,10:19:19,5.85,1000,87450
20240201,10:19:25,5.75,400,87450
20240201,10:19:30,5.8,300,87450
20240201,10:19:35,5.8,100,87450
20240201,10:19:41,5.8,100,87450
20240201,10:19:52,5.85,600,87450
20240201,10:19:59,5.8,400,87450
20240201,10:20:05,5.8,600,87450
20240201,10:20:10,5.8,3400,87450
20240201,10:20:16,5.85,1850,87450
20240201,10:20:34,5.85,200,87450
20240201,10:20:46,5.9,300,98300
20240201,10:20:52,5.85,1300,98300
20240201,10:20:58,5.85,550,98300
20240201,10:21:04,5.9,950,98300
20240201,10:21:17,5.9,50,98300
20240201,10:21:25,5.85,250,98300
20240201,10:21:31,5.9,350,98300
20240201,10:21:38,5.9,400,98300
20240201,10:21:44,5.95,450,98300
20240201,10:22:01,5.9,1700,98300
20240201,10:22:07,5.95,2950,98300
20240201,10:22:13,5.9,150,98300
20240201,10:22:20,5.9,100,98300
20240201,10:22:33,5.9,300,98300
20240201,10:22:50,5.9,100,98300
20240201,10:22:55,5.9,300,98300
20240201,10:23:06,5.9,150,98300
20240201,10:23:44,5.9,50,106750
20240201,10:24:19,5.9,300,106750
20240201,10:24:31,5.9,300,106750
20240201,10:24:36,5.9,400,106750
20240201,10:24:47,5.85,50,106750
20240201,10:25:10,5.9,200,106750
20240201,10:25:15,5.9,550,106750
20240201,10:25:44,5.95,1000,106750
20240201,10:25:50,5.9,650,106750
20240201,10:25:56,5.9,900,106750
20240201,10:26:02,5.85,1600,106750
20240201,10:26:07,5.9,650,106750
20240201,10:26:37,5.9,50,111450
20240201,10:26:44,5.9,1600,111450
20240201,10:26:51,5.9,950,111450
20240201,10:26:59,5.85,200,111450
20240201,10:27:05,5.9,150,111450
20240201,10:27:27,5.85,100,111450
20240201,10:27:36,5.9,1300,111450
20240201,10:27:42,5.85,200,111450
20240201,10:27:57,5.9,250,111450
20240201,10:28:09,5.9,50,111450
20240201,10:28:15,5.9,100,111450
20240201,10:28:21,5.9,500,111450
20240201,10:28:50,5.9,1200,111450
20240201,10:28:56,5.95,800,111450
20240201,10:29:03,5.95,400,111450
20240201,10:29:12,5.9,100,111450
20240201,10:29:36,5.9,250,111450
20240201,10:29:45,5.95,900,118550
20240201,10:29:54,5.85,900,118550
20240201,10:30:02,5.95,200,118550
20240201,10:30:11,5.95,400,118550
20240201,10:30:27,5.9,250,118550
20240201,10:30:53,5.9,200,118550
20240201,10:31:18,5.9,50,118550
20240201,10:31:49,5.9,250,118550
20240201,10:32:21,5.9,400,118550
20240201,10:32:30,5.9,1500,118550
20240201,10:32:38,5.9,900,121250
20240201,10:32:46,5.9,150,121250
20240201,10:32:54,5.9,450,121250
20240201,10:33:01,5.9,150,121250
20240201,10:33:09,5.9,100,121250
20240201,10:33:17,5.95,50,121250
20240201,10:33:26,5.9,50,121250
20240201,10:34:53,6.0,500,121250
20240201,10:35:47,5.95,600,122950
20240201,10:36:43,5.95,250,122950
20240201,10:37:33,5.95,150,122950
20240201,10:38:59,6.0,250,122850
20240201,10:39:07,5.95,50,122850
20240201,10:40:11,5.95,350,122850
20240201,10:40:26,6.0,450,122850
20240201,10:40:34,5.95,50,122850
20240201,10:40:43,6.0,250,122850
20240201,10:40:52,6.0,50,122850
20240201,10:41:01,5.95,450,122850
20240201,10:41:48,5.9,100,122700
20240201,10:42:13,5.9,250,122700
20240201,10:42:21,5.95,50,122700
20240201,10:42:29,5.9,50,122700
20240201,10:43:00,5.9,500,122700
20240201,10:43:54,5.85,1300,122700
20240201,10:48:17,5.75,100,121650
20240201,10:49:04,5.75,500,121650
20240201,10:50:20,5.9,250,121650
20240201,10:52:00,5.95,50,121800
20240201,10:53:08,5.8,1450,121800
20240201,10:53:16,5.8,50,121800
20240201,10:53:31,5.8,50,121800
20240201,10:54:27,5.8,50,120350
20240201,10:55:56,5.8,50,120350
20240201,10:57:00,5.95,50,120350
20240201,10:57:09,6.0,100,120350
20240201,10:57:59,6.0,700,120350
20240201,10:58:06,5.95,100,120350
20240201,10:58:19,5.95,400,120350
20240201,10:58:25,5.95,400,120350
20240201,10:58:50,5.9,50,120350
20240201,10:59:02,6.0,250,120350
20240201,10:59:18,5.95,50,120350
20240201,10:59:42,5.95,650,120350
20240201,11:00:01,5.9,50,122200
20240201,11:00:07,5.95,450,122200
20240201,11:00:14,5.95,350,122200
20240201,11:00:39,5.95,300,122200
20240201,11:01:15,6.05,50,122200
20240201,11:02:15,5.95,100,122200
20240201,11:02:34,5.95,450,122200
20240201,11:03:20,5.9,850,122950
20240201,11:03:31,5.95,700,122950
20240201,11:03:39,5.95,50,122950
20240201,11:05:36,6.1,550,122950
20240201,11:05:44,6.15,300,122950
20240201,11:05:50,6.1,50,123600
20240201,11:06:01,6.15,50,123600
20240201,11:06:43,6.25,300,123600
20240201,11:07:15,6.3,200,123600
20240201,11:07:30,6.35,50,123600
20240201,11:07:37,6.4,100,123600
20240201,11:07:56,6.3,800,123600
20240201,11:08:03,6.35,300,123600
20240201,11:08:11,6.25,1800,123600
20240201,11:09:03,6.2,300,125100
20240201,11:09:17,6.2,300,125100
20240201,11:10:04,6.3,350,125100
20240201,11:10:10,6.3,50,125100
20240201,11:10:16,6.3,400,125100
20240201,11:10:27,6.4,550,125100
20240201,11:10:59,6.2,500,125100
20240201,11:11:32,6.3,300,125100
20240201,11:12:05,6.3,300,125100
20240201,11:12:44,6.4,200,125800
20240201,11:12:50,6.3,50,125800
20240201,11:13:28,6.3,200,125800
20240201,11:14:04,6.45,200,125800
20240201,11:14:19,6.35,300,125800
20240201,11:15:16,6.35,250,126100
20240201,11:15:46,6.4,50,126100
20240201,11:16:21,6.45,50,126100
20240201,11:16:56,6.45,300,126100
20240201,11:17:04,6.55,50,126100
20240201,11:17:13,6.65,300,126100
20240201,11:17:23,6.75,700,126100
20240201,11:17:32,6.95,2750,126100
20240201,11:17:40,7.25,1900,126100
20240201,11:17:49,7.55,2550,130000
20240201,11:17:57,6.95,900,130000
20240201,11:18:06,7.0,250,130000
20240201,11:18:14,7.1,4300,130000
20240201,11:18:23,7.25,14200,130000
20240201,11:18:32,7.2,4700,130000
20240201,11:18:41,7.2,4500,130000
20240201,11:18:50,7.15,2250,130000
20240201,11:18:58,7.1,1550,130000
20240201,11:19:07,7.05,2550,130000
20240201,11:19:16,7.05,350,130000
20240201,11:19:25,7.05,500,130000
20240201,11:19:33,7.15,1650,130000
20240201,11:19:41,7.25,800,130000
20240201,11:19:49,7.3,1500,130000
20240201,11:19:57,7.2,1750,130000
20240201,11:20:05,7.2,750,130000
20240201,11:20:14,7.25,250,130000
20240201,11:20:23,7.25,550,130000
20240201,11:20:31,7.2,850,130000
20240201,11:20:39,7.25,300,130000
20240201,11:20:47,7.2,750,145250
20240201,11:20:55,7.2,200,145250
20240201,11:21:04,7.1,2700,145250
20240201,11:21:13,7.0,1400,145250
20240201,11:21:21,7.0,1300,145250
20240201,11:21:29,6.95,950,145250
20240201,11:21:38,6.85,750,145250
20240201,11:21:46,6.9,2500,145250
20240201,11:21:55,6.95,700,145250
20240201,11:22:03,6.85,1700,145250
20240201,11:22:11,6.9,300,145250
20240201,11:22:19,6.9,300,145250
20240201,11:22:26,6.8,1000,145250
20240201,11:22:34,6.8,450,145250
20240201,11:22:41,6.85,150,145250
20240201,11:22:48,6.85,900,145250
20240201,11:22:56,6.8,900,145250
20240201,11:23:03,6.85,300,145250
20240201,11:23:11,6.85,250,145250
20240201,11:23:18,6.85,300,145250
20240201,11:23:26,6.9,50,145250
20240201,11:24:05,6.75,300,136450
20240201,11:24:14,6.75,250,136450
20240201,11:24:22,6.75,100,136450
20240201,11:24:46,6.7,650,136450
20240201,11:25:02,6.8,600,136450
20240201,11:25:10,6.8,1250,136450
20240201,11:25:17,6.75,1450,136450
20240201,11:25:26,6.8,500,136450
20240201,11:25:34,6.75,1950,136450
20240201,11:25:42,6.85,300,136450
20240201,11:25:50,6.8,600,136450
20240201,11:25:57,6.85,300,136450
20240201,11:26:13,6.85,1100,136450
20240201,11:26:21,6.8,500,136450
20240201,11:26:29,6.85,50,136450
20240201,11:26:36,6.85,350,136450
20240201,11:26:51,6.85,700,135450
20240201,11:26:59,6.95,1000,135450
20240201,11:27:07,6.95,750,135450
20240201,11:27:14,6.95,100,135450
20240201,11:27:36,6.95,100,135450
20240201,11:27:43,6.9,300,135450
20240201,11:27:52,6.9,350,135450
20240201,11:28:00,6.8,500,135450
20240201,11:28:08,6.8,200,135450
20240201,11:28:16,6.75,50,135450
20240201,11:28:33,6.7,300,135450
20240201,11:29:04,6.75,350,135450
20240201,11:29:12,6.6,1200,135450
20240201,11:29:19,6.75,250,135450
20240201,11:29:26,6.75,200,135450
20240201,11:29:33,6.75,200,135450
20240201,11:30:00,6.7,50,136900
20240201,11:30:08,6.7,800,136900
20240201,11:30:54,6.8,350,136900
20240201,11:31:01,6.75,1950,136900
20240201,11:31:09,6.7,450,136900
20240201,11:31:16,6.7,1100,136900
20240201,11:31:23,6.7,50,136900
20240201,11:31:30,6.65,50,136900
20240201,11:31:44,6.7,300,136900
20240201,11:31:52,6.7,500,136900
20240201,11:32:06,6.7,200,136900
20240201,11:32:27,6.7,1050,136900
20240201,11:32:34,6.7,50,136900
20240201,11:32:41,6.65,500,136900
20240201,11:32:48,6.65,750,136900
20240201,11:33:01,6.7,250,135100
20240201,11:33:08,6.7,1250,135100
20240201,11:33:16,6.65,800,135100
20240201,11:33:30,6.75,400,135100
20240201,11:33:44,6.7,100,135100
20240201,11:33:51,6.7,500,135100
20240201,11:33:57,6.7,550,135100
20240201,11:34:04,6.7,250,135100
20240201,11:34:12,6.75,100,135100
20240201,11:34:20,6.8,1800,135100
20240201,11:34:28,6.75,1350,135100
20240201,11:34:36,6.8,500,135100
20240201,11:35:11,6.75,250,135100
20240201,11:35:18,6.7,400,135100
20240201,11:35:32,6.75,200,135100
20240201,11:35:40,6.75,600,135100
20240201,11:35:46,6.75,450,135800
20240201,11:35:53,6.7,550,135800
20240201,11:36:00,6.65,1800,135800
20240201,11:36:06,6.6,900,135800
20240201,11:36:13,6.6,550,135800
20240201,11:36:19,6.6,250,135800
20240201,11:36:26,6.6,450,135800
20240201,11:36:40,6.55,350,135800
20240201,11:36:49,6.5,700,135800
20240201,11:36:56,6.55,750,135800
20240201,11:37:02,6.5,850,135800
20240201,11:37:09,6.5,1200,135800
20240201,11:37:16,6.45,600,135800
20240201,11:37:22,6.45,1450,135800
20240201,11:37:35,6.45,500,135800
20240201,11:37:42,6.45,800,135800
20240201,11:37:51,6.45,300,135800
20240201,11:37:59,6.4,150,135800
20240201,11:38:08,6.55,2750,135800
20240201,11:38:32,6.5,50,135800
20240201,11:38:40,6.45,900,135800
20240201,11:38:47,6.45,700,127450
20240201,11:38:55,6.5,1650,127450
20240201,11:39:02,6.5,600,127450
20240201,11:39:10,6.5,1250,127450
20240201,11:39:18,6.5,1350,127450
20240201,11:39:25,6.5,600,127450
20240201,11:39:33,6.5,150,127450
20240201,11:39:40,6.5,450,127450
20240201,11:40:10,6.4,250,127450
20240201,11:40:25,6.4,500,127450
20240201,11:40:32,6.4,250,127450
20240201,11:40:40,6.4,250,127450
20240201,11:41:24,6.45,50,127450
20240201,11:41:58,6.45,50,128500
20240201,11:42:05,6.45,100,128500
20240201,11:42:13,6.45,50,128500
20240201,11:42:20,6.4,150,128500
20240201,11:42:26,6.4,650,128500
20240201,11:42:33,6.4,300,128500
20240201,11:42:40,6.4,250,128500
20240201,11:42:54,6.55,450,128500
20240201,11:43:02,6.5,50,128500
20240201,11:43:17,6.4,100,128500
20240201,11:44:04,6.4,50,128500
20240201,11:44:34,6.4,500,128500
20240201,11:45:00,6.35,600,127500
20240201,11:45:07,6.4,450,127500
20240201,11:45:53,6.5,500,127500
20240201,11:45:59,6.45,50,127500
20240201,11:46:06,6.45,250,127500
20240201,11:46:12,6.5,900,127500
20240201,11:46:18,6.5,200,127500
20240201,11:46:25,6.5,150,127500
20240201,11:46:31,6.55,450,127500
20240201,11:46:37,6.5,700,127500
20240201,11:46:44,6.5,50,127500
20240201,11:46:51,6.5,300,127500
20240201,11:47:07,6.5,900,127500
20240201,11:47:22,6.5,600,127500
20240201,11:47:29,6.5,450,127500
20240201,11:47:55,6.55,100,127350
20240201,11:48:08,6.6,100,127350
20240201,11:49:16,6.6,800,127350
20240201,11:49:29,6.55,700,127350
20240201,11:49:41,6.5,50,127350
20240201,11:49:54,6.5,450,127350
20240201,11:50:02,6.45,200,127350
20240201,11:50:09,6.45,250,127350
20240201,11:50:25,6.35,100,127350
20240201,11:50:33,6.35,250,127350
20240201,11:50:41,6.4,700,127350
20240201,11:50:50,6.3,250,127000
20240201,11:50:58,6.35,250,127000
20240201,11:51:06,6.4,1150,127000
20240201,11:51:14,6.45,450,127000
20240201,11:51:22,6.45,700,127000
20240201,11:51:30,6.4,250,127000
20240201,11:51:38,6.5,200,127000
20240201,11:51:46,6.5,50,127000
20240201,11:52:08,6.45,150,127000
20240201,11:52:15,6.5,50,127000
20240201,11:52:47,6.3,1100,127000
20240201,11:52:55,6.2,50,127000
20240201,11:53:12,6.2,500,127000
20240201,11:53:20,6.25,300,127000
20240201,11:53:44,6.25,50,127000
20240201,11:53:51,6.2,350,126550
20240201,11:54:01,6.15,800,126550
20240201,11:54:16,6.1,1200,126550
20240201,11:54:24,6.05,100,126550
20240201,11:54:39,6.15,300,126550
20240201,11:54:46,6.1,300,126550
20240201,11:54:53,6.15,300,126550
20240201,11:55:09,6.05,1150,126550
20240201,11:55:16,5.95,1150,126550
20240201,11:55:23,5.95,2850,126550
20240201,11:55:31,6.0,50,126550
20240201,11:55:39,6.0,1100,126550
20240201,11:55:47,5.9,3750,126550
20240201,11:56:02,5.95,50,126550
20240201,11:56:25,5.95,2100,126550
20240201,11:56:33,6.0,550,126550
20240201,11:56:41,6.0,2200,126550
20240201,11:56:49,5.95,1250,126550
20240201,11:56:57,5.95,1700,122450
20240201,11:57:05,6.0,1050,122450
20240201,11:57:13,5.95,150,122450
20240201,11:57:21,5.95,500,122450
20240201,11:57:51,5.9,1200,122450
20240201,11:57:59,5.85,350,122450
20240201,11:58:12,5.9,1150,122450
20240201,11:58:28,5.95,100,122450
20240201,11:58:36,5.95,3000,122450
20240201,11:58:44,5.95,2200,122450
20240201,11:58:52,6.0,3050,122450
20240201,11:59:00,5.95,150,122450
20240201,11:59:08,5.95,350,122450
20240201,11:59:16,6.0,2400,122450
20240201,11:59:23,5.95,900,122450
20240201,11:59:45,5.85,250,122450
20240201,11:59:52,5.8,1400,122450
20240201,12:00:00,5.75,350,117750
20240201,12:00:09,5.75,450,117750
20240201,12:00:17,5.7,350,117750
20240201,12:00:25,5.65,200,117750
20240201,12:00:33,5.6,550,117750
20240201,12:00:41,5.55,100,117750
20240201,12:00:48,5.5,300,117750
20240201,12:00:56,5.4,650,117750
20240201,12:01:04,5.4,750,117750
20240201,12:01:11,5.3,450,117750
20240201,12:01:19,5.35,1850,117750
20240201,12:01:26,5.35,1100,117750
20240201,12:01:34,5.2,1700,117750
20240201,12:01:41,5.15,200,117750
20240201,12:01:49,5.15,150,117750
20240201,12:01:57,5.15,1400,117750
20240201,12:02:06,5.1,850,117750
20240201,12:02:14,5.0,2150,117750
20240201,12:02:21,5.0,550,117750
20240201,12:02:29,4.9,3950,117750
20240201,12:02:37,4.9,750,117750
20240201,12:02:45,4.85,700,117750
20240201,12:02:55,5.0,6500,119500
20240201,12:03:03,4.95,400,119500
20240201,12:03:11,4.95,2900,119500
20240201,12:03:19,5.0,3800,119500
20240201,12:03:27,4.95,6300,119500
20240201,12:03:36,4.9,3800,119500
20240201,12:03:46,4.9,2100,119500
20240201,12:03:56,4.9,4700,119500
20240201,12:04:06,4.9,4950,119500
20240201,12:04:16,4.95,2450,119500
20240201,12:04:25,4.95,1950,119500
20240201,12:04:35,5.0,1050,119500
20240201,12:04:45,4.85,150,119500
20240201,12:04:54,4.85,600,119500
20240201,12:05:03,4.75,1400,119500
20240201,12:05:13,4.75,1550,119500
20240201,12:05:22,4.65,800,119500
20240201,12:05:32,4.55,1300,119500
20240201,12:05:41,4.5,1050,119500
20240201,12:05:50,4.35,6400,119500
20240201,12:06:00,4.25,1800,117600
20240201,12:06:09,4.15,1200,117600
20240201,12:06:18,4.1,3700,117600
20240201,12:06:27,4.0,1500,117600
20240201,12:06:37,3.95,1700,117600
20240201,12:06:45,3.95,3050,117600
20240201,12:06:55,3.85,1950,117600
20240201,12:07:04,3.75,1150,117600
20240201,12:07:15,3.5,2150,117600
20240201,12:07:24,3.6,1800,117600
20240201,12:07:34,3.65,1200,117600
20240201,12:07:43,3.45,1650,117600
20240201,12:08:03,3.45,1850,117600
20240201,12:08:12,3.4,1000,117600
20240201,12:08:30,3.4,50,117600
20240201,12:08:39,3.4,1700,117600
20240201,12:08:48,3.4,1650,117600
20240201,12:09:05,3.35,200,117200
20240201,12:09:14,3.3,150,117200
20240201,12:09:41,3.2,2450,117200
20240201,12:09:49,3.2,350,117200
20240201,12:09:58,3.15,200,117200
20240201,12:10:07,3.1,50,117200
20240201,12:10:16,3.1,2550,117200
20240201,12:10:25,3.1,450,117200
20240201,12:10:34,3.05,550,117200
20240201,12:10:43,2.95,3000,117200
20240201,12:10:52,3.05,250,117200
20240201,12:11:01,3.0,300,117200
20240201,12:11:10,3.05,3350,117200
20240201,12:11:20,2.95,6200,117200
20240201,12:11:30,3.0,1300,117200
20240201,12:11:39,2.95,450,117200
20240201,12:11:48,2.9,500,117200
20240201,12:11:58,2.85,950,129450
20240201,12:12:07,2.8,1300,129450
20240201,12:12:16,2.8,1600,129450
20240201,12:12:25,2.9,1000,129450
20240201,12:12:35,2.85,50,129450
20240201,12:12:44,2.85,50,129450
20240201,12:12:54,2.8,650,129450
20240201,12:13:04,2.7,2700,129450
20240201,12:13:13,2.6,850,129450
20240201,12:13:23,2.6,1350,129450
20240201,12:13:33,2.6,100,129450
20240201,12:13:43,2.75,650,129450
20240201,12:13:52,2.75,2100,129450
20240201,12:14:02,2.7,250,129450
20240201,12:14:11,2.65,1000,129450
20240201,12:14:21,2.75,1250,129450
20240201,12:14:31,2.75,300,129450
20240201,12:14:40,2.7,800,129450
20240201,12:14:50,2.7,2300,129450
20240201,12:14:59,2.65,800,129350
20240201,12:15:08,2.65,1350,129350
20240201,12:15:17,2.65,200,129350
20240201,12:15:34,2.65,100,129350
20240201,12:15:44,2.6,50,129350
20240201,12:16:30,2.6,200,129350
20240201,12:16:40,2.65,150,129350
20240201,12:16:49,2.55,1300,129350
20240201,12:16:58,2.6,2800,129350
20240201,12:17:07,2.5,350,129350
20240201,12:17:16,2.6,650,129350
20240201,12:17:26,2.5,950,129350
20240201,12:17:35,2.5,100,129350
20240201,12:17:44,2.55,550,129350
20240201,12:18:01,2.55,450,130100
20240201,12:18:19,2.55,350,130100
20240201,12:18:45,2.5,250,130100
20240201,12:18:55,2.5,200,130100
20240201,12:19:05,2.6,600,130100
20240201,12:19:24,2.6,350,130100
20240201,12:19:42,2.6,150,130100
20240201,12:20:07,2.65,2000,130100
20240201,12:20:34,2.65,300,130100
20240201,12:20:52,2.65,50,129750
20240201,12:21:01,2.6,50,129750
20240201,12:21:09,2.65,50,129750
20240201,12:21:27,2.7,50,129750
20240201,12:22:20,2.75,4300,129750
20240201,12:22:28,2.75,200,129750
20240201,12:22:37,2.75,450,129750
20240201,12:23:05,2.8,350,129750
20240201,12:23:14,2.85,450,129750
20240201,12:23:41,2.8,200,129750
20240201,12:23:49,2.8,100,129750
20240201,12:23:58,2.85,4700,127850
20240201,12:24:06,2.85,2300,127850
20240201,12:24:14,2.9,1800,127850
20240201,12:24:31,2.85,100,127850
20240201,12:24:40,2.85,50,127850
20240201,12:24:48,2.85,50,127850
20240201,12:25:05,2.85,50,127850
20240201,12:25:22,2.8,200,127850
20240201,12:25:30,2.8,500,127850
20240201,12:25:48,2.8,50,127850
20240201,12:25:56,2.85,500,127850
20240201,12:26:21,2.8,3450,127850
20240201,12:26:29,2.8,100,127850
20240201,12:26:38,2.75,1450,127850
20240201,12:26:56,2.75,250,127850
20240201,12:27:06,2.7,1200,123600
20240201,12:28:01,2.65,50,123600
20240201,12:28:09,2.75,100,123600
20240201,12:28:18,2.75,50,123600
20240201,12:28:34,2.75,100,123600
20240201,12:28:43,2.75,1200,123600
20240201,12:29:17,2.75,1850,123600
20240201,12:29:44,2.85,1550,123600
20240201,12:29:53,2.8,650,123600
20240201,12:30:59,2.8,50,123750
20240201,12:31:16,2.85,800,123750
20240201,12:31:34,2.85,250,123750
20240201,12:31:42,2.9,300,123750
20240201,12:32:06,2.95,1000,123750
20240201,12:32:15,2.95,400,123750
20240201,12:32:41,3.0,2100,123750
20240201,12:32:50,2.95,50,123750
20240201,12:32:59,2.9,850,124550
20240201,12:33:08,2.95,150,124550
20240201,12:33:17,3.0,100,124550
20240201,12:33:51,2.95,500,124550
20240201,12:34:08,2.85,500,124550
20240201,12:34:17,2.85,300,124550
20240201,12:34:26,2.9,100,124550
20240201,12:35:19,2.95,2700,124550
20240201,12:35:27,2.95,3000,124550
20240201,12:35:35,2.9,150,124550
20240201,12:36:01,3.0,50,125450
20240201,12:36:10,3.0,100,125450
20240201,12:36:19,2.95,100,125450
20240201,12:36:27,2.9,2400,125450
20240201,12:36:36,2.9,1800,125450
20240201,12:36:45,2.85,2850,125450
20240201,12:36:54,2.85,4800,125450
20240201,12:37:12,2.85,1500,125450
20240201,12:37:21,2.9,50,125450
20240201,12:37:51,2.8,400,125450
20240201,12:38:52,2.75,750,125450
20240201,12:39:00,2.8,50,125450
20240201,12:39:09,2.8,50,125100
20240201,12:39:18,2.8,200,125100
20240201,12:39:25,2.8,200,125100
20240201,12:39:34,2.8,50,125100
20240201,12:39:50,2.8,100,125100
20240201,12:39:59,2.8,3050,125100
20240201,12:40:15,2.75,100,125100
20240201,12:40:32,2.7,500,125100
20240201,12:40:41,2.75,1200,125100
20240201,12:40:58,2.75,700,125100
20240201,12:41:07,2.75,550,125100
20240201,12:41:25,2.75,100,125100
20240201,12:41:34,2.8,2100,125100
20240201,12:41:42,2.8,250,125100
20240201,12:41:58,2.85,800,121300
20240201,12:42:06,2.8,300,121300
20240201,12:42:14,2.8,800,121300
20240201,12:42:21,2.8,150,121300
20240201,12:42:30,2.85,50,121300
20240201,12:43:10,2.75,750,121300
20240201,12:43:34,2.75,50,121300
20240201,12:43:41,2.8,50,121300
20240201,12:44:13,2.75,250,121300
20240201,12:45:38,2.75,150,122800
20240201,12:45:47,2.75,450,122800
20240201,12:45:56,2.75,50,122800
20240201,12:46:30,2.65,1400,122800
20240201,12:46:38,2.7,100,122800
20240201,12:47:12,2.75,100,122800
20240201,12:47:21,2.7,150,122800
20240201,12:47:52,2.7,150,122800
20240201,12:48:03,2.7,200,121800
20240201,12:48:13,2.7,3500,121800
20240201,12:48:23,2.7,2700,121800
20240201,12:48:32,2.7,50,121800
20240201,12:48:50,2.7,250,121800
20240201,12:49:00,2.65,50,121800
20240201,12:49:39,2.65,1600,121800
20240201,12:50:10,2.65,1150,121800
20240201,12:50:20,2.6,750,121800
20240201,12:50:30,2.6,800,121800
20240201,12:50:40,2.65,450,121800
20240201,12:50:49,2.65,50,121800
20240201,12:51:36,2.65,50,122050
20240201,12:52:20,2.65,200,122050
20240201,12:53:06,2.65,50,122050
20240201,12:53:16,2.6,100,122050
20240201,12:53:35,2.65,50,122050
20240201,12:53:53,2.65,250,122050
20240201,12:54:41,2.6,50,121950
20240201,12:54:51,2.65,150,121950
20240201,12:55:32,2.55,1550,121950
20240201,12:55:43,2.6,950,121950
20240201,12:56:37,2.55,100,121950
20240201,12:56:46,2.6,600,121950
20240201,12:57:39,2.6,50,122450
20240201,12:58:44,2.55,1050,122450
20240201,12:58:53,2.5,100,122450
20240201,12:59:02,2.6,1150,122450
20240201,12:59:10,2.65,2700,122450
20240201,12:59:27,2.65,1800,122450
20240201,12:59:36,2.6,1950,122450
20240201,12:59:44,2.5,1500,122450
20240201,12:59:53,2.45,3850,122450
20240201,13:00:02,2.4,6150,126000
20240201,13:00:10,2.45,5300,126000
20240201,13:00:18,2.45,3650,126000
20240201,13:00:27,2.5,1850,126000
20240201,13:00:35,2.5,50,126000
20240201,13:00:44,2.5,1450,126000
20240201,13:00:53,2.5,850,126000
20240201,13:01:04,2.5,100,126000
20240201,13:01:13,2.5,1700,126000
20240201,13:01:22,2.45,500,126000
20240201,13:01:30,2.5,350,126000
20240201,13:01:38,2.45,750,126000
20240201,13:02:02,2.45,1800,126000
20240201,13:02:11,2.45,700,126000
20240201,13:02:21,2.45,450,126000
20240201,13:02:30,2.45,1600,126000
20240201,13:03:55,2.4,50,136750
20240201,13:04:03,2.4,50,136750
20240201,13:04:21,2.45,750,136750
20240201,13:04:29,2.45,850,136750
20240201,13:04:37,2.45,200,136750
20240201,13:04:45,2.45,200,136750
20240201,13:04:53,2.45,200,136750
20240201,13:05:01,2.45,100,136750
20240201,13:05:25,2.4,250,136750
20240201,13:05:51,2.4,250,136750
20240201,13:06:07,2.35,800,135950
20240201,13:06:46,2.35,150,135950
20240201,13:09:05,2.4,150,135100
20240201,13:10:08,2.4,300,135100
20240201,13:10:16,2.4,150,135100
20240201,13:10:25,2.3,2050,135100
20240201,13:10:41,2.4,250,135100
20240201,13:10:49,2.35,50,135100
20240201,13:11:15,2.35,100,135100
20240201,13:11:41,2.4,300,135100
20240201,13:12:05,2.35,100,132350
20240201,13:12:59,2.4,150,132350
20240201,13:14:14,2.4,600,132350
20240201,13:14:37,2.4,800,132350
20240201,13:14:51,2.35,300,132350
20240201,13:15:33,2.35,1200,130950
20240201,13:15:42,2.35,50,130950
20240201,13:15:58,2.35,50,130950
20240201,13:16:27,2.35,50,130950
20240201,13:17:11,2.4,50,130950
20240201,13:19:02,2.4,100,131150
20240201,13:19:19,2.35,1500,131150
20240201,13:20:45,2.35,1300,131150
20240201,13:20:52,2.4,750,131150
20240201,13:21:01,2.45,1800,131150
20240201,13:22:06,2.45,50,130950
20240201,13:22:45,2.4,50,130950
20240201,13:22:53,2.4,50,130950
20240201,13:23:07,2.45,1200,130950
20240201,13:23:23,2.35,100,130950
20240201,13:23:30,2.45,50,130950
20240201,13:23:37,2.35,650,130950
20240201,13:23:52,2.4,450,130950
20240201,13:24:12,2.4,250,129600
20240201,13:24:19,2.45,2250,129600
20240201,13:24:26,2.45,250,129600
20240201,13:24:33,2.45,250,129600
20240201,13:24:41,2.45,100,129600
20240201,13:25:22,2.45,50,129600
20240201,13:25:30,2.4,50,129600
20240201,13:25:37,2.45,600,129600
20240201,13:25:45,2.5,250,129600
20240201,13:25:51,2.5,250,129600
20240201,13:25:58,2.5,250,129600
20240201,13:26:05,2.5,300,129600
20240201,13:26:41,2.5,500,129600
20240201,13:26:49,2.45,50,129600
20240201,13:27:47,2.45,300,125900
20240201,13:28:03,2.4,450,125900
20240201,13:28:10,2.45,350,125900
20240201,13:28:18,2.5,300,125900
20240201,13:28:25,2.5,700,125900
20240201,13:28:41,2.45,50,125900
20240201,13:28:49,2.45,300,125900
20240201,13:28:57,2.45,850,125900
20240201,13:29:04,2.4,300,125900
20240201,13:29:11,2.3,450,125900
20240201,13:30:09,2.35,1450,123350
20240201,13:30:16,2.35,50,123350
20240201,13:30:22,2.35,100,123350
20240201,13:30:30,2.35,50,123350
20240201,13:30:57,2.4,600,123350
20240201,13:31:12,2.4,350,123350
20240201,13:31:19,2.4,50,123350
20240201,13:31:35,2.4,950,123350
20240201,13:31:59,2.45,100,123350
20240201,13:32:16,2.45,50,123350
20240201,13:32:30,2.45,50,123350
20240201,13:32:37,2.45,50,123350
20240201,13:32:43,2.5,2300,123350
20240201,13:34:08,2.45,150,123350
20240201,13:35:28,2.5,300,123900
20240201,13:35:35,2.55,3600,123900
20240201,13:35:42,2.5,800,123900
20240201,13:36:01,2.45,50,123900
20240201,13:36:17,2.55,3400,127700
20240201,13:37:47,2.55,50,127700
20240201,13:38:21,2.6,300,127700
20240201,13:38:28,2.6,500,127700
20240201,13:38:50,2.6,250,127700
20240201,13:39:15,2.7,3300,127700
20240201,13:39:22,2.65,600,127700
20240201,13:39:29,2.65,300,127700
20240201,13:40:01,2.65,50,127700
20240201,13:40:59,2.6,50,127700
20240201,13:41:07,2.6,2600,127700
20240201,13:41:14,2.6,100,127700
20240201,13:41:30,2.55,350,127700
20240201,13:41:43,2.6,50,127700
20240201,13:41:52,2.6,4300,127700
20240201,13:42:00,2.65,700,127700
20240201,13:42:07,2.65,150,132150
20240201,13:42:16,2.65,150,132150
20240201,13:42:24,2.65,700,132150
20240201,13:42:32,2.65,200,132150
20240201,13:42:41,2.6,200,132150
20240201,13:42:49,2.6,300,132150
20240201,13:42:56,2.6,1900,132150
20240201,13:43:04,2.6,150,132150
20240201,13:43:18,2.65,100,132150
20240201,13:44:22,2.65,850,132150
20240201,13:44:30,2.65,50,132150
20240201,13:45:17,2.65,50,133550
20240201,13:45:24,2.7,200,133550
20240201,13:45:46,2.6,250,133550
20240201,13:45:59,2.65,1700,133550
20240201,13:46:06,2.65,50,133550
20240201,13:46:26,2.6,150,133550
20240201,13:46:39,2.6,50,133550
20240201,13:46:59,2.55,250,133550
20240201,13:47:06,2.6,50,133550
20240201,13:47:14,2.55,300,133550
20240201,13:47:38,2.55,50,133550
20240201,13:48:09,2.55,50,132550
20240201,13:48:18,2.5,5050,132550
20240201,13:49:44,2.45,600,132550
20240201,13:50:05,2.5,2150,132550
20240201,13:50:32,2.5,3850,132550
20240201,13:51:13,2.55,50,138400
20240201,13:51:40,2.55,100,138400
20240201,13:51:54,2.55,400,138400
20240201,13:52:36,2.6,150,138400
20240201,13:52:53,2.55,600,138400
20240201,13:53:01,2.6,2050,138400
20240201,13:53:09,2.5,200,138400
20240201,13:53:25,2.55,300,138400
20240201,13:53:32,2.45,250,138400
20240201,13:54:31,2.5,1800,140150
20240201,13:55:07,2.5,300,140150
20240201,13:55:14,2.5,4250,140150
20240201,13:55:21,2.45,2600,140150
20240201,13:55:29,2.45,5550,140150
20240201,13:55:43,2.45,750,140150
20240201,13:55:50,2.45,400,140150
20240201,13:55:57,2.5,1800,140150
20240201,13:56:04,2.45,800,140150
20240201,13:56:11,2.45,1000,140150
20240201,13:56:18,2.45,1300,140150
20240201,13:56:31,2.4,100,140150
20240201,13:56:46,2.5,1550,140150
20240201,13:56:54,2.45,1400,140150
20240201,13:57:08,2.45,600,140150
20240201,13:57:44,2.5,1800,149150
20240201,13:58:13,2.45,150,149150
20240201,13:58:20,2.45,1600,149150
20240201,13:58:27,2.5,850,149150
20240201,13:58:35,2.5,5700,149150
20240201,13:58:43,2.45,2300,149150
20240201,13:58:50,2.4,6850,149150
20240201,13:59:05,2.4,3000,149150
20240201,13:59:13,2.4,2000,149150
20240201,13:59:21,2.4,800,149150
20240201,13:59:36,2.35,650,149150
20240201,13:59:44,2.4,250,149150
20240201,14:00:06,2.35,2000,149150
20240201,14:00:13,2.35,50,160400
20240201,14:00:21,2.35,100,160400
20240201,14:00:29,2.35,50,160400
20240201,14:01:03,2.4,350,160400
20240201,14:01:24,2.4,950,160400
20240201,14:01:31,2.4,600,160400
20240201,14:01:44,2.4,900,160400
20240201,14:01:56,2.4,3450,160400
20240201,14:02:04,2.4,200,160400
20240201,14:02:17,2.4,1800,160400
20240201,14:02:30,2.45,750,160400
20240201,14:03:09,2.4,2900,160400
20240201,14:03:33,2.35,100,161100
20240201,14:03:40,2.35,100,161100
20240201,14:03:48,2.4,2450,161100
20240201,14:04:24,2.4,2050,161100
20240201,14:05:11,2.4,150,161100
20240201,14:05:31,2.35,150,161100
20240201,14:05:58,2.4,250,161100
20240201,14:06:39,2.35,400,160550
20240201,14:06:51,2.35,400,160550
20240201,14:07:18,2.35,400,160550
20240201,14:08:01,2.4,1850,160550
20240201,14:08:14,2.4,250,160550
20240201,14:08:28,2.35,400,160550
20240201,14:08:36,2.35,600,160550
20240201,14:08:44,2.35,350,160550
20240201,14:08:52,2.35,550,160550
20240201,14:09:00,2.4,1900,160550
20240201,14:09:07,2.4,550,160550
20240201,14:09:21,2.35,200,164050
20240201,14:09:28,2.35,100,164050
20240201,14:09:55,2.4,3300,164050
20240201,14:11:27,2.4,500,164050
20240201,14:11:52,2.35,400,164050
20240201,14:11:59,2.35,550,164050
20240201,14:12:19,2.35,100,163900
20240201,14:12:27,2.4,2400,163900
20240201,14:12:52,2.4,650,163900
20240201,14:13:01,2.45,250,163900
20240201,14:13:10,2.45,150,163900
20240201,14:13:18,2.45,150,163900
20240201,14:13:26,2.45,2400,163900
20240201,14:13:35,2.45,150,163900
20240201,14:13:42,2.45,50,163900
20240201,14:13:56,2.45,2400,163900
20240201,14:14:04,2.65,2700,163900
20240201,14:14:26,2.6,800,163900
20240201,14:14:34,2.6,1800,163900
20240201,14:15:18,2.65,3100,166100
20240201,14:15:25,2.65,3800,166100
20240201,14:15:32,2.65,4400,166100
20240201,14:15:40,2.6,450,166100
20240201,14:16:01,2.5,100,166100
20240201,14:16:07,2.5,800,166100
20240201,14:16:14,2.5,550,166100
20240201,14:16:21,2.45,300,166100
20240201,14:16:28,2.35,100,166100
20240201,14:16:34,2.4,50,166100
20240201,14:16:41,2.4,200,166100
20240201,14:16:47,2.4,50,166100
20240201,14:16:53,2.4,50,166100
20240201,14:17:01,2.4,250,166100
20240201,14:17:08,2.45,350,166100
20240201,14:17:22,2.4,100,166100
20240201,14:17:29,2.4,100,166100
20240201,14:17:36,2.4,1100,166100
20240201,14:17:55,2.4,100,166100
20240201,14:18:01,2.4,150,166100
20240201,14:18:14,2.4,2300,162300
20240201,14:18:20,2.4,450,162300
20240201,14:18:45,2.4,100,162300
20240201,14:20:17,2.4,150,162300
20240201,14:20:29,2.4,200,162300
20240201,14:20:40,2.4,150,162300
20240201,14:20:47,2.4,50,162300
20240201,14:20:53,2.4,250,162300
20240201,14:21:00,2.4,50,162300
20240201,14:21:06,2.4,100,162300
20240201,14:21:12,2.4,150,160350
20240201,14:21:19,2.4,950,160350
20240201,14:21:25,2.35,550,160350
20240201,14:22:13,2.35,1500,160350
20240201,14:22:47,2.35,800,160350
20240201,14:22:53,2.4,100,160350
20240201,14:23:11,2.35,1400,160350
20240201,14:23:17,2.35,2000,160350
20240201,14:23:23,2.4,50,160350
20240201,14:23:29,2.4,50,160350
20240201,14:23:34,2.35,1000,160350
20240201,14:24:47,2.45,1050,161200
20240201,14:24:54,2.45,50,161200
20240201,14:25:00,2.45,1000,161200
20240201,14:25:13,2.5,100,161200
20240201,14:25:19,2.5,550,161200
20240201,14:25:38,2.5,50,161200
20240201,14:25:56,2.5,300,161200
20240201,14:26:03,2.5,400,161200
20240201,14:26:14,2.5,50,161200
20240201,14:26:26,2.5,300,161200
20240201,14:26:37,2.45,350,161200
20240201,14:26:54,2.5,50,161200
20240201,14:27:01,2.5,150,161200
20240201,14:27:07,2.5,100,161200
20240201,14:27:18,2.5,50,162100
20240201,14:27:36,2.45,200,162100
20240201,14:27:46,2.45,300,162100
20240201,14:27:52,2.45,300,162100
20240201,14:28:08,2.4,900,162100
20240201,14:28:41,2.4,950,162100
20240201,14:28:56,2.45,500,162100
20240201,14:29:04,2.45,400,162100
20240201,14:29:17,2.45,50,162100
20240201,14:29:23,2.45,50,162100
20240201,14:29:38,2.45,150,162100
20240201,14:29:54,2.45,150,162100
20240201,14:30:03,2.5,200,162100
20240201,14:30:31,2.45,350,162200
