date,time,tick_price,volume,open_interest
20240117,13:29:58,4.1,1800,1800
20240124,10:00:17,14.75,1,1800
20240124,10:00:17,14.75,1100,1800
20240124,10:53:59,14.75,750,1800
20240124,10:58:52,14.75,250,1850
20240124,11:21:53,14.75,50,2100
20240124,14:03:31,14.75,500,2150
20240124,14:05:42,14.75,1000,2150
20240124,14:06:05,14.75,500,2150
20240124,14:07:15,14.75,500,1350
20240124,14:30:51,13.85,50,1850
20240124,14:41:18,13.85,50,1850
20240125,13:20:09,5.25,1,1900
20240125,13:20:09,5.25,650,1900
20240125,15:29:46,5.25,200,1900
20240129,09:15:52,8.05,1,2100
20240129,09:15:52,8.1,1,2100
20240129,09:15:52,8.05,150,2100
20240129,09:16:05,13.9,1050,2100
20240129,09:16:05,8.0,1050,2100
20240129,09:16:09,7.85,150,2100
20240129,09:16:13,8.1,50,2100
20240129,09:16:18,8.35,100,2100
20240129,09:17:11,8.3,50,2200
20240129,09:17:33,8.15,150,2200
20240129,09:17:46,8.15,200,2200
20240129,09:18:01,8.35,100,2200
20240129,09:18:41,8.25,50,2200
20240129,09:18:50,8.2,150,2200
20240129,09:18:58,8.05,150,2200
20240129,09:19:07,8.05,200,2200
20240129,09:19:14,8.05,300,2200
20240129,09:19:21,7.9,50,2200
20240129,09:19:28,7.9,50,2200
20240129,09:19:41,7.95,50,2200
20240129,09:19:57,7.85,1950,2200
20240129,09:20:05,7.85,100,2200
20240129,09:20:14,7.85,200,4450
20240129,09:20:48,7.9,100,4450
20240129,09:20:57,7.9,250,4450
20240129,09:21:05,7.9,400,4450
20240129,09:21:15,7.8,600,4450
20240129,09:21:24,7.8,150,4450
20240129,09:22:10,7.55,500,4450
20240129,09:22:37,7.55,50,4450
20240129,09:24:01,8.0,50,4700
20240129,09:24:18,7.85,50,4700
20240129,09:25:04,7.85,50,4700
20240129,09:25:13,7.9,50,4700
20240129,09:25:21,7.9,150,4700
20240129,09:25:29,7.9,50,4700
20240129,09:25:37,7.9,50,4700
20240129,09:25:46,8.1,250,4700
20240129,09:25:54,8.05,50,4700
20240129,09:27:27,7.9,150,4300
20240129,09:27:34,7.9,200,4300
20240129,09:27:48,8.1,50,4300
20240129,09:27:57,7.85,100,4300
20240129,09:28:04,7.85,150,4300
20240129,09:28:32,7.8,400,4300
20240129,09:28:49,7.55,600,4300
20240129,09:30:04,7.95,50,4500
20240129,09:30:46,7.95,100,4500
20240129,09:32:10,8.2,50,4500
20240129,09:32:55,8.3,350,4550
20240129,09:33:35,8.3,100,4550
20240129,09:34:10,8.25,50,4550
20240129,09:34:28,8.2,350,4550
20240129,09:35:16,8.3,400,4750
20240129,09:35:49,8.3,50,4750
20240129,09:36:11,8.2,900,4750
20240129,09:36:37,8.1,50,4750
20240129,09:37:21,8.2,50,4750
20240129,09:37:47,8.25,50,4750
20240129,09:38:14,8.3,250,5950
20240129,09:38:21,8.25,50,5950
20240129,09:38:46,8.3,300,5950
20240129,09:40:16,8.35,50,5950
20240129,09:42:10,8.25,250,6550
20240129,09:42:31,8.3,100,6550
20240129,09:42:39,8.2,200,6550
20240129,09:43:03,8.1,100,6550
20240129,09:43:17,8.1,50,6550
20240129,09:44:04,8.2,1050,6550
20240129,09:44:32,8.25,850,7900
20240129,09:45:05,8.4,150,7900
20240129,09:49:54,8.2,200,8250
20240129,09:50:51,8.3,500,8300
20240129,09:52:19,8.4,50,8300
20240129,09:52:31,8.35,50,8300
20240129,09:53:35,8.4,200,8350
20240129,09:53:49,8.4,550,8350
20240129,09:54:40,8.45,100,8350
20240129,09:55:11,8.25,100,8350
20240129,09:55:32,8.45,100,8350
20240129,09:55:46,8.45,50,8350
20240129,09:56:05,8.45,50,8350
20240129,09:56:39,8.45,50,8350
20240129,09:57:02,8.35,50,8350
20240129,09:57:44,7.95,250,8350
20240129,09:57:52,8.0,150,8350
20240129,09:58:01,8.1,350,8350
20240129,09:58:17,8.05,50,8350
20240129,10:00:02,7.85,1800,8350
20240129,10:00:11,7.85,3400,8800
20240129,10:00:19,7.9,50,8800
20240129,10:01:07,7.95,100,8800
20240129,10:01:21,8.0,400,8800
20240129,10:03:06,8.2,50,13550
20240129,10:03:13,8.25,900,13550
20240129,10:03:33,8.3,50,13550
20240129,10:04:05,8.45,250,13550
20240129,10:04:38,8.3,200,13550
20240129,10:05:02,8.3,500,13550
20240129,10:05:16,8.4,100,14350
20240129,10:05:57,8.4,50,14350
20240129,10:06:36,8.3,50,14350
20240129,10:06:49,8.2,900,14350
20240129,10:07:09,8.4,200,14350
20240129,10:08:54,8.4,50,14200
20240129,10:10:40,8.15,1300,14200
20240129,10:11:59,8.1,800,14650
20240129,10:12:12,8.3,200,14650
20240129,10:12:24,8.35,950,14650
20240129,10:13:57,8.35,50,14650
20240129,10:14:10,8.15,50,14650
20240129,10:14:36,8.15,50,15150
20240129,10:15:00,8.0,50,15150
20240129,10:15:06,8.15,50,15150
20240129,10:15:19,7.95,50,15150
20240129,10:16:02,8.05,50,15150
20240129,10:16:26,7.95,50,15150
20240129,10:16:32,7.9,200,15150
20240129,10:19:02,7.9,50,15350
20240129,10:20:07,7.9,450,15350
20240129,10:20:57,7.9,50,14850
20240129,10:22:39,7.95,50,14850
20240129,10:23:05,7.9,50,14850
20240129,10:24:22,7.9,950,14900
20240129,10:24:28,7.9,300,14900
20240129,10:24:33,7.75,450,14900
20240129,10:24:39,7.75,250,14900
20240129,10:24:46,7.65,450,14900
20240129,10:24:52,7.65,200,14900
20240129,10:25:22,7.85,50,14900
20240129,10:26:06,7.65,50,14900
20240129,10:26:31,7.75,50,15600
20240129,10:27:35,7.9,50,15600
20240129,10:28:05,7.85,100,15600
20240129,10:28:12,7.85,50,15600
20240129,10:28:24,7.85,100,15600
20240129,10:30:29,7.95,1700,15750
20240129,10:32:12,8.1,200,15750
20240129,10:33:43,7.85,100,15850
20240129,10:33:49,7.85,200,15850
20240129,10:33:55,7.85,100,15850
20240129,10:34:00,7.9,650,15850
20240129,10:34:06,7.7,200,15850
20240129,10:34:12,7.85,200,15850
20240129,10:34:20,7.75,150,15850
20240129,10:34:45,7.9,100,15850
20240129,10:37:12,7.85,100,17150
20240129,10:38:44,7.85,50,17250
20240129,10:39:40,7.85,150,17250
20240129,10:41:36,8.05,1800,17200
20240129,10:41:46,7.9,100,17200
20240129,10:41:57,7.95,50,17200
20240129,10:42:08,7.95,250,17200
20240129,10:42:19,7.95,50,17200
20240129,10:42:58,7.95,50,17200
20240129,10:43:26,7.95,50,17200
20240129,10:44:13,8.0,100,17200
20240129,10:44:37,8.0,50,19200
20240129,10:45:40,7.85,50,19200
20240129,10:49:26,7.8,100,19200
20240129,10:53:05,7.85,150,19150
20240129,10:54:22,7.85,150,19150
20240129,10:55:03,7.9,50,19150
20240129,10:55:23,7.85,50,19150
20240129,10:55:47,7.7,950,19150
20240129,10:56:17,7.8,50,19150
20240129,10:56:59,7.85,100,18650
20240129,10:57:10,7.7,100,18650
20240129,10:57:45,7.75,200,18650
20240129,10:57:57,7.7,50,18650
20240129,10:58:10,7.7,100,18650
20240129,10:58:30,7.75,50,18650
20240129,10:59:16,7.6,50,18650
20240129,10:59:38,7.55,250,18250
20240129,11:00:00,7.65,200,18250
20240129,11:00:30,7.55,250,18250
20240129,11:00:41,7.65,450,18250
20240129,11:00:52,7.6,150,18250
20240129,11:01:02,7.55,1850,18250
20240129,11:01:24,7.8,400,18250
20240129,11:01:30,7.65,150,18250
20240129,11:05:07,7.65,100,17450
20240129,11:05:22,7.6,50,17450
20240129,11:06:36,7.6,100,17400
20240129,11:06:46,7.55,150,17400
20240129,11:07:00,7.4,150,17400
20240129,11:07:06,7.7,1850,17400
20240129,11:07:13,7.55,50,17400
20240129,11:07:19,7.6,100,17400
20240129,11:09:37,7.65,200,18250
20240129,11:12:47,7.5,50,18300
20240129,11:13:10,7.45,100,18300
20240129,11:14:25,7.4,150,18350
20240129,11:14:48,7.3,150,18350
20240129,11:17:37,7.3,50,18600
20240129,11:19:49,7.4,300,18600
20240129,11:19:57,7.5,100,18600
20240129,11:20:13,7.7,150,18600
20240129,11:20:40,7.65,50,18750
20240129,11:20:53,7.75,100,18750
20240129,11:21:00,7.75,100,18750
20240129,11:21:07,7.65,700,18750
20240129,11:21:14,7.65,100,18750
20240129,11:21:21,7.65,100,18750
20240129,11:21:44,7.6,100,18750
20240129,11:22:12,7.6,150,18750
20240129,11:22:58,7.5,1800,18750
20240129,11:23:46,7.55,100,21250
20240129,11:24:07,7.5,100,21250
20240129,11:24:42,7.45,50,21250
20240129,11:25:17,7.5,250,21250
20240129,11:25:41,7.45,400,21250
20240129,11:26:39,7.5,100,21950
20240129,11:26:51,7.6,50,21950
20240129,11:27:03,7.55,200,21950
20240129,11:27:15,7.55,50,21950
20240129,11:28:15,7.45,100,21950
20240129,11:28:29,7.4,500,21950
20240129,11:28:51,7.35,200,21950
20240129,11:29:21,7.3,300,21950
20240129,11:29:28,7.4,350,21950
20240129,11:29:35,7.25,200,21850
20240129,11:29:43,7.15,200,21850
20240129,11:29:58,7.1,300,21850
20240129,11:30:17,6.95,150,21850
20240129,11:30:25,6.85,450,21850
20240129,11:30:47,6.85,50,21850
20240129,11:31:04,6.9,150,21850
20240129,11:31:29,7.05,50,21850
20240129,11:31:42,7.05,100,21850
20240129,11:31:47,7.05,50,21850
20240129,11:32:04,7.05,150,21850
20240129,11:33:44,6.95,50,21250
20240129,11:33:56,6.85,1800,21250
20240129,11:34:07,7.0,100,21250
20240129,11:34:22,6.85,1800,21250
20240129,11:34:28,7.05,300,21250
20240129,11:36:48,7.15,50,24500
20240129,11:40:06,7.1,150,24500
20240129,11:40:43,7.05,100,24500
20240129,11:43:42,7.05,450,24500
20240129,11:45:33,7.05,50,24950
20240129,11:47:20,7.05,150,24950
20240129,11:49:59,7.1,50,24850
20240129,11:51:34,7.0,50,24900
20240129,11:54:22,6.85,100,24900
20240129,11:57:58,7.2,250,25000
20240129,12:00:20,7.15,50,25150
20240129,12:00:48,7.15,50,25150
20240129,12:01:09,7.15,100,25150
20240129,12:01:50,7.1,50,25150
20240129,12:01:54,6.8,50,25150
20240129,12:02:23,6.75,150,25150
20240129,12:02:35,6.75,150,25000
20240129,12:03:26,7.0,50,25000
20240129,12:07:00,7.0,100,25000
20240129,12:07:04,6.9,50,25000
20240129,12:07:22,7.05,50,25000
20240129,12:09:14,6.9,1000,25050
20240129,12:10:43,6.85,50,25050
20240129,12:10:47,6.85,50,25050
20240129,12:11:06,6.8,50,25050
20240129,12:12:01,6.75,50,25050
20240129,12:14:36,6.75,50,25050
20240129,12:15:45,6.8,50,25050
20240129,12:16:52,6.9,250,25050
20240129,12:17:20,6.8,150,25050
20240129,12:17:24,6.75,150,25050
20240129,12:17:41,6.8,100,24800
20240129,12:17:52,6.8,50,24800
20240129,12:17:57,6.85,300,24800
20240129,12:18:05,6.85,100,24800
20240129,12:18:09,6.85,100,24800
20240129,12:18:53,6.9,200,24800
20240129,12:18:57,6.9,50,24800
20240129,12:23:36,6.7,50,24050
20240129,12:30:04,6.7,200,24050
20240129,12:30:20,6.7,50,24050
20240129,12:30:56,6.65,750,24050
20240129,12:31:11,6.55,100,24050
20240129,12:31:23,6.5,600,24050
20240129,12:34:09,6.5,150,24050
20240129,12:34:37,6.5,50,24050
20240129,12:35:08,6.45,50,24050
20240129,12:36:05,6.45,100,24150
20240129,12:36:33,6.45,50,24150
20240129,12:36:57,6.4,100,24150
20240129,12:38:36,6.3,150,24150
20240129,12:39:10,6.4,250,24150
20240129,12:39:16,6.5,350,24150
20240129,12:39:33,6.6,400,24150
20240129,12:43:11,6.65,50,24150
20240129,12:45:38,6.5,50,24150
20240129,12:49:37,6.6,100,24150
20240129,12:50:26,6.55,100,24150
20240129,12:50:42,6.7,150,24150
20240129,12:50:57,6.75,50,24150
20240129,12:51:35,6.55,50,24150
20240129,12:51:54,6.55,50,24150
20240129,12:52:17,6.7,50,24150
20240129,12:52:40,6.65,50,24150
20240129,12:53:16,6.75,600,24150
20240129,12:53:21,6.75,50,24150
20240129,12:53:29,6.75,50,24150
20240129,12:54:13,6.85,50,24700
20240129,12:54:16,6.8,50,24700
20240129,12:55:07,6.85,50,24700
20240129,12:55:18,6.85,50,24700
20240129,12:55:22,6.8,50,24700
20240129,12:55:31,6.85,50,24700
20240129,12:55:59,6.85,50,24700
20240129,12:57:06,6.95,50,24900
20240129,12:59:05,6.85,200,24900
20240129,13:01:41,7.0,50,25150
20240129,13:07:48,7.15,850,25200
20240129,13:07:53,7.05,150,25200
20240129,13:09:27,6.9,200,25400
20240129,13:10:08,6.95,150,25400
20240129,13:10:28,6.95,150,25400
20240129,13:17:20,7.0,50,25450
20240129,13:17:54,6.95,200,25500
20240129,13:19:20,6.95,50,25500
20240129,13:19:45,7.0,100,25500
20240129,13:19:51,7.0,200,25500
20240129,13:20:16,6.85,300,25500
20240129,13:20:22,6.75,750,25500
20240129,13:21:29,6.95,50,26100
20240129,13:22:45,7.05,50,26100
20240129,13:26:45,6.9,750,26100
20240129,13:27:53,7.0,50,26100
20240129,13:28:01,6.95,150,26100
20240129,13:36:24,6.9,50,26950
20240129,13:37:27,6.85,50,26950
20240129,13:38:49,6.9,250,26950
20240129,13:39:52,7.0,800,26950
20240129,13:42:53,7.15,50,27400
20240129,13:43:09,7.0,250,27400
20240129,13:44:12,7.1,400,27400
20240129,13:46:41,7.1,100,27700
20240129,13:48:41,7.0,50,27750
20240129,13:48:45,7.0,50,27750
20240129,13:49:25,7.0,50,27750
20240129,13:49:37,6.9,250,27750
20240129,13:49:49,6.95,1150,27750
20240129,13:49:56,6.9,900,27750
20240129,13:50:20,7.0,100,27750
20240129,13:50:33,6.95,100,27750
20240129,13:51:59,6.9,200,28400
20240129,13:52:09,6.9,100,28400
20240129,13:52:26,6.8,400,28400
20240129,13:53:33,6.85,50,28400
20240129,13:54:59,6.9,50,28300
20240129,13:57:09,6.9,50,28350
20240129,14:00:13,6.9,200,28400
20240129,14:01:19,6.9,200,28400
20240129,14:01:32,6.9,100,28400
20240129,14:03:04,6.85,800,28550
20240129,14:03:22,6.85,250,28550
20240129,14:04:44,6.85,50,28550
20240129,14:05:25,6.9,100,28550
20240129,14:05:53,6.9,50,28650
20240129,14:07:46,7.0,500,28650
20240129,14:10:28,7.0,50,28750
20240129,14:11:43,7.0,100,28750
20240129,14:16:02,6.95,50,28800
20240129,14:17:26,7.0,200,28800
20240129,14:17:39,7.0,600,28800
20240129,14:18:05,7.0,150,29150
20240129,14:18:12,7.05,50,29150
20240129,14:19:08,7.05,200,29150
20240129,14:19:32,7.1,650,29150
20240129,14:21:36,7.0,300,29650
20240129,14:23:59,6.75,250,29750
20240129,14:24:36,6.7,350,29750
20240129,14:24:41,6.7,50,29750
20240129,14:25:31,6.75,200,29750
20240129,14:26:23,6.55,600,29750
20240129,14:26:53,6.65,350,29100
20240129,14:27:25,6.55,250,29100
20240129,14:27:38,6.55,150,29100
20240129,14:30:44,6.5,100,28850
20240129,14:31:17,6.7,600,28850
20240129,14:36:05,6.75,250,29200
20240129,14:36:37,6.65,50,29200
20240129,14:36:53,6.55,50,29200
20240129,14:39:08,6.5,500,28900
20240129,14:39:21,6.5,250,28900
20240129,14:40:56,6.5,400,28900
20240129,14:42:46,6.45,50,29250
20240129,14:42:50,6.45,50,29250
20240129,14:44:13,6.5,100,29250
20240129,14:44:49,6.55,50,29250
20240129,14:45:22,6.45,50,29350
20240129,14:45:53,6.55,50,29350
20240129,14:45:57,6.5,50,29350
20240129,14:47:10,6.65,50,29350
20240129,14:47:51,6.55,50,29350
20240129,14:48:14,6.5,850,29300
20240129,14:51:10,6.6,50,28950
20240129,14:51:18,6.6,50,28950
20240129,14:53:32,6.5,100,28950
20240129,14:54:08,6.55,50,29000
20240129,14:56:56,6.7,500,29000
20240129,14:57:00,6.7,1550,29100
20240129,14:57:25,6.7,50,29100
20240129,14:58:21,6.6,100,29100
20240129,14:58:49,6.6,50,29100
20240129,14:59:42,6.85,50,29100
20240129,15:00:14,6.6,200,29650
20240129,15:00:45,6.55,100,29650
20240129,15:01:37,6.6,350,29650
20240129,15:02:18,6.4,350,29650
20240129,15:03:00,6.4,150,29250
20240129,15:03:08,6.45,150,29250
20240129,15:05:55,6.45,900,29250
20240129,15:09:04,6.35,50,30100
20240129,15:09:56,5.75,1500,30100
20240129,15:10:05,5.75,50,30100
20240129,15:10:31,6.0,200,30100
20240129,15:14:28,6.1,900,29750
20240129,15:15:06,6.0,5900,30650
20240129,15:15:15,6.05,300,30650
20240129,15:16:00,6.05,50,30650
20240129,15:16:27,6.1,50,30650
20240129,15:17:07,6.05,450,30650
20240129,15:18:37,6.1,300,30300
20240129,15:19:01,6.1,500,30300
20240129,15:19:09,6.05,150,30300
20240129,15:19:16,6.15,250,30300
20240129,15:19:24,6.15,1000,30300
20240129,15:19:32,6.15,50,30300
20240129,15:19:40,6.1,700,30300
20240129,15:19:49,6.1,250,30300
20240129,15:19:57,6.15,50,30300
20240129,15:20:33,6.15,100,30300
20240129,15:20:49,6.1,50,30300
20240129,15:20:58,6.2,100,30300
20240129,15:21:06,6.15,50,32300
20240129,15:22:28,6.0,200,32300
20240129,15:23:22,5.8,500,32300
20240129,15:24:03,5.8,500,32150
20240129,15:25:08,5.7,100,32150
20240129,15:25:54,5.7,250,32150
20240129,15:26:19,5.7,50,32150
20240129,15:26:51,5.6,250,32150
20240129,15:27:26,5.6,200,32500
20240129,15:27:43,5.6,200,32500
20240129,15:27:52,5.6,700,32500
20240129,15:29:14,5.55,50,32500
20240129,15:29:24,5.55,1550,32500
20240129,15:29:34,5.55,550,32500
20240129,15:29:44,5.5,1100,32500
20240130,09:15:01,6.1,1,33200
20240130,09:15:01,6.1,350,33200
20240130,09:15:14,5.75,650,33200
20240130,09:15:26,5.4,1300,33200
20240130,09:15:56,5.1,950,33200
20240130,09:16:19,5.1,1800,33200
20240130,09:17:12,5.65,1050,33200
20240130,09:18:03,5.8,50,34300
20240130,09:19:12,5.8,600,34300
20240130,09:19:51,5.8,200,34300
20240130,09:20:11,5.9,50,34300
20240130,09:20:21,6.0,250,33750
20240130,09:20:31,5.85,150,33750
20240130,09:20:51,5.95,100,33750
20240130,09:21:01,5.95,100,33750
20240130,09:21:10,6.05,100,33750
20240130,09:21:21,6.0,100,33750
20240130,09:21:39,6.05,50,33750
20240130,09:21:58,6.1,50,33750
20240130,09:22:08,6.15,100,33750
20240130,09:23:32,6.05,100,33650
20240130,09:24:06,6.0,100,33650
20240130,09:24:15,6.0,250,33650
20240130,09:24:25,6.1,50,33650
20240130,09:25:01,6.45,650,33650
20240130,09:25:36,6.35,200,33650
20240130,09:25:47,6.8,900,33650
20240130,09:26:26,6.8,100,34000
20240130,09:27:19,6.85,100,34000
20240130,09:27:38,6.85,300,34000
20240130,09:27:58,6.75,150,34000
20240130,09:28:09,6.5,1750,34000
20240130,09:28:42,6.75,250,34000
20240130,09:30:11,6.95,50,34150
20240130,09:30:33,7.15,450,34150
20240130,09:30:44,7.2,750,34150
20240130,09:30:55,6.5,500,34150
20240130,09:31:07,6.6,50,34150
20240130,09:31:29,6.6,50,34150
20240130,09:32:01,6.75,100,34150
20240130,09:32:23,6.75,200,34200
20240130,09:33:03,6.75,500,34200
20240130,09:33:25,6.95,350,34200
20240130,09:33:57,6.8,150,34200
20240130,09:34:08,7.15,100,34200
20240130,09:34:50,7.25,200,34200
20240130,09:35:22,7.25,900,34200
20240130,09:37:06,6.9,100,35300
20240130,09:39:43,6.8,200,35200
20240130,09:40:04,6.9,50,35200
20240130,09:40:15,6.85,50,35200
20240130,09:40:35,6.75,50,35200
20240130,09:42:08,6.8,100,35300
20240130,09:42:29,6.65,50,35300
20240130,09:42:51,6.55,300,35300
20240130,09:43:01,6.5,250,35300
20240130,09:43:12,6.45,250,35300
20240130,09:43:23,6.25,150,35300
20240130,09:45:07,6.35,150,34750
20240130,09:45:18,6.35,200,34750
20240130,09:45:40,6.4,450,34750
20240130,09:45:52,6.45,50,34750
20240130,09:47:04,6.35,50,34750
20240130,09:47:14,6.5,50,34750
20240130,09:48:05,6.45,200,34850
20240130,09:49:00,6.35,150,34850
20240130,09:49:32,6.6,50,34850
20240130,09:50:13,6.4,200,34850
20240130,09:50:34,6.6,50,34400
20240130,09:51:12,6.25,100,34400
20240130,09:51:49,6.5,150,34400
20240130,09:52:17,6.4,150,34400
20240130,09:52:26,6.65,300,34400
20240130,09:54:04,6.7,100,34550
20240130,09:54:14,6.7,100,34550
20240130,09:54:22,6.85,1100,34550
20240130,09:54:31,7.0,50,34550
20240130,09:54:50,6.9,600,34550
20240130,09:55:00,6.9,300,34550
20240130,09:55:40,7.1,300,34550
20240130,09:55:51,7.15,50,34550
20240130,09:56:31,6.95,200,34500
20240130,09:57:52,6.85,150,34500
20240130,09:58:14,6.8,150,34500
20240130,09:58:35,6.8,200,34500
20240130,09:59:07,6.65,200,34500
20240130,09:59:18,6.8,300,34500
20240130,09:59:39,6.65,200,34550
20240130,10:00:01,6.75,550,34550
20240130,10:00:11,6.7,450,34550
20240130,10:00:21,6.8,200,34550
20240130,10:00:31,6.35,550,34550
20240130,10:00:42,6.4,100,34550
20240130,10:01:23,6.55,200,34550
20240130,10:03:00,6.55,100,34500
20240130,10:04:56,6.35,50,34500
20240130,10:05:06,6.3,50,34500
20240130,10:05:27,6.5,50,34500
20240130,10:06:27,6.5,100,34500
20240130,10:07:09,6.45,50,34500
20240130,10:07:37,6.5,50,34500
20240130,10:08:14,6.45,50,34500
20240130,10:08:32,6.55,100,34500
20240130,10:09:28,6.55,50,34500
20240130,10:10:04,6.5,1250,34500
20240130,10:11:45,6.5,50,34600
20240130,10:11:55,6.45,50,34600
20240130,10:12:58,6.5,50,34600
20240130,10:16:55,6.5,50,34550
20240130,10:20:52,6.4,50,34550
20240130,10:21:01,6.45,50,34550
20240130,10:22:06,6.4,150,34550
20240130,10:23:29,6.4,150,34550
20240130,10:24:37,6.35,150,34700
20240130,10:24:57,6.35,500,34700
20240130,10:25:34,6.4,500,34700
20240130,10:29:27,6.5,50,35150
20240130,10:29:45,6.5,50,35150
20240130,10:30:04,6.6,50,35150
20240130,10:30:23,6.6,200,35150
20240130,10:32:21,6.6,450,35150
20240130,10:34:03,6.45,150,35050
20240130,10:35:58,6.35,50,35050
20240130,10:36:08,6.2,50,35050
20240130,10:36:28,6.45,50,35050
20240130,10:42:20,6.25,50,35050
20240130,10:43:33,6.4,1300,35050
20240130,10:44:23,6.55,50,35050
20240130,10:45:06,6.35,50,34550
20240130,10:47:44,6.45,400,34550
20240130,10:50:25,6.7,450,34550
20240130,10:50:45,6.6,50,34550
20240130,10:51:16,6.6,1250,34550
20240130,10:51:25,6.6,50,34550
20240130,10:51:54,6.45,200,34550
20240130,10:55:17,6.3,50,35750
20240130,10:57:35,6.45,50,35750
20240130,10:59:30,6.45,100,35750
20240130,11:02:43,6.45,300,35800
20240130,11:03:02,6.25,50,35800
20240130,11:03:56,6.55,50,35800
20240130,11:04:23,6.25,50,35800
20240130,11:05:42,6.45,450,36000
20240130,11:06:11,6.4,50,36000
20240130,11:06:32,6.7,750,36000
20240130,11:06:42,6.45,50,36000
20240130,11:07:03,6.6,200,36000
20240130,11:07:35,6.5,400,36000
20240130,11:08:05,6.5,50,36000
20240130,11:08:15,6.25,50,36000
20240130,11:08:34,6.5,150,36000
20240130,11:08:53,6.3,100,36000
20240130,11:09:31,6.5,50,36000
20240130,11:10:38,6.5,50,36000
20240130,11:12:23,6.5,100,36050
20240130,11:13:43,6.6,50,36050
20240130,11:13:51,6.4,50,36050
20240130,11:15:08,6.4,50,36050
20240130,11:16:18,6.25,50,36050
20240130,11:19:06,6.4,50,36050
20240130,11:19:15,6.45,50,36050
20240130,11:20:15,6.4,200,36050
20240130,11:21:09,6.3,50,36300
20240130,11:21:32,6.2,50,36300
20240130,11:24:11,6.45,50,36250
20240130,11:24:38,6.35,150,36250
20240130,11:28:37,6.2,250,36150
20240130,11:29:03,6.15,50,36150
20240130,11:29:20,5.85,300,36150
20240130,11:29:36,6.0,50,36150
20240130,11:29:52,5.8,300,36000
20240130,11:30:09,5.85,50,36000
20240130,11:30:18,6.35,2300,36000
20240130,11:30:42,6.15,50,36000
20240130,11:31:06,6.05,50,36000
20240130,11:31:54,6.15,50,36000
20240130,11:32:12,6.2,50,36000
20240130,11:34:55,6.05,50,37350
20240130,11:36:33,5.9,50,37350
20240130,11:37:00,5.95,5700,37350
20240130,11:37:52,5.75,50,37350
20240130,11:38:43,5.95,50,38950
20240130,11:40:32,5.85,50,38950
20240130,11:41:17,5.85,1850,38950
20240130,11:41:24,5.85,50,38950
20240130,11:41:32,5.9,50,38950
20240130,11:41:49,5.85,2000,39500
20240130,11:41:57,5.9,50,39500
20240130,11:44:23,5.85,50,39500
20240130,11:45:39,5.8,50,39850
20240130,11:45:52,5.8,50,39850
20240130,11:46:12,5.7,150,39850
20240130,11:46:26,5.85,100,39850
20240130,11:47:38,5.85,50,40000
20240130,11:47:57,5.85,50,40000
20240130,11:49:15,5.8,300,40000
20240130,11:49:36,5.9,200,40000
20240130,11:49:58,5.85,50,40000
20240130,11:51:08,5.95,50,40000
20240130,11:52:02,5.85,50,40300
20240130,11:53:45,5.85,50,40300
20240130,11:54:27,5.8,150,40300
20240130,11:54:51,5.95,250,40300
20240130,11:56:03,5.95,50,40300
20240130,11:59:06,5.8,100,40400
20240130,11:59:40,5.8,200,40400
20240130,12:00:48,5.9,100,40600
20240130,12:01:04,5.6,300,40600
20240130,12:07:01,5.8,250,40700
20240130,12:12:38,5.85,50,40500
20240130,12:16:51,6.05,100,40500
20240130,12:17:04,5.9,100,40500
20240130,12:17:15,5.8,200,40500
20240130,12:17:57,5.85,600,40500
20240130,12:18:03,5.85,50,40500
20240130,12:18:29,5.8,200,40500
20240130,12:19:19,5.9,50,40500
20240130,12:19:25,5.85,250,40500
20240130,12:19:36,5.85,250,40500
20240130,12:20:51,5.85,500,40800
20240130,12:22:39,5.85,100,40800
20240130,12:26:36,5.75,50,40800
20240130,12:28:49,5.95,250,40800
20240130,12:29:09,5.85,100,40800
20240130,12:31:29,5.8,100,40900
20240130,12:31:40,5.7,200,40900
20240130,12:32:13,5.6,800,40900
20240130,12:32:39,5.55,250,40900
20240130,12:37:58,5.8,50,41600
20240130,12:38:03,5.65,1200,41600
20240130,12:38:57,5.65,1200,42750
20240130,12:40:40,5.65,100,42750
20240130,12:42:10,5.65,250,44050
20240130,12:42:17,5.65,350,44050
20240130,12:47:44,5.8,100,44650
20240130,12:47:57,6.0,250,44650
20240130,12:50:31,5.85,100,44650
20240130,12:51:45,5.75,50,44700
20240130,12:53:26,5.65,150,44700
20240130,12:53:37,5.65,50,44700
20240130,12:58:34,5.65,50,44700
20240130,12:59:18,5.65,50,44700
20240130,13:00:14,5.65,50,44800
20240130,13:00:26,5.6,50,44800
20240130,13:09:05,5.65,50,44900
20240130,13:11:29,5.85,50,44900
20240130,13:15:26,5.85,50,44950
20240130,13:16:40,5.7,50,44950
20240130,13:17:34,5.7,50,44950
20240130,13:19:21,6.05,4600,44950
20240130,13:22:04,5.9,100,45650
20240130,13:22:15,5.8,50,45650
20240130,13:23:54,5.8,50,45550
20240130,13:25:01,5.7,50,45550
20240130,13:25:10,5.7,50,45550
20240130,13:26:07,5.85,1000,45550
20240130,13:26:20,5.65,100,45550
20240130,13:26:50,5.6,750,46350
20240130,13:27:29,5.6,100,46350
20240130,13:28:21,5.6,100,46350
20240130,13:31:43,5.75,1800,46150
20240130,13:31:59,5.55,50,46150
20240130,13:32:39,5.55,50,46150
20240130,13:32:51,5.55,100,46150
20240130,13:33:24,5.55,200,47650
20240130,13:33:35,5.5,100,47650
20240130,13:33:52,5.45,350,47650
20240130,13:34:26,5.2,300,47650
20240130,13:34:31,5.25,100,47650
20240130,13:34:43,5.25,150,47650
20240130,13:34:49,5.3,100,47650
20240130,13:34:54,5.25,50,47650
20240130,13:35:29,5.3,200,47650
20240130,13:36:25,5.1,550,47150
20240130,13:37:00,5.0,400,47150
20240130,13:37:06,5.0,50,47150
20240130,13:37:18,5.2,50,47150
20240130,13:38:53,5.15,50,46800
20240130,13:40:02,5.15,50,46800
20240130,13:40:48,5.05,50,46800
20240130,13:40:54,5.05,50,46800
20240130,13:41:41,5.15,50,46800
20240130,13:43:57,5.2,50,46900
20240130,13:48:02,5.4,50,46950
20240130,13:52:05,5.3,700,47000
20240130,13:52:32,5.3,500,47000
20240130,13:52:43,5.4,300,47000
20240130,13:55:21,5.45,250,47150
20240130,13:55:36,5.45,50,47150
20240130,13:57:28,5.4,50,47450
20240130,13:58:29,5.5,50,47450
20240130,14:01:17,5.5,50,47350
20240130,14:03:07,5.5,50,47350
20240130,14:04:02,5.5,1800,47350
20240130,14:04:22,5.35,50,47350
20240130,14:04:50,5.3,50,47350
20240130,14:09:33,5.6,50,47350
20240130,14:14:23,5.3,250,47400
20240130,14:15:05,5.3,50,47150
20240130,14:15:15,5.35,150,47150
20240130,14:16:35,5.3,50,47150
20240130,14:18:48,5.35,200,47100
20240130,14:21:54,5.35,100,47300
20240130,14:22:02,5.25,1000,47300
20240130,14:22:09,5.35,100,47300
20240130,14:27:14,5.45,50,47500
20240130,14:29:54,5.6,200,47500
20240130,14:30:15,5.75,150,47300
20240130,14:30:25,5.95,100,47300
20240130,14:30:44,5.85,100,47300
20240130,14:31:41,5.95,150,47300
20240130,14:31:52,6.05,900,47300
20240130,14:32:14,6.1,50,47300
20240130,14:32:55,5.8,150,47300
20240130,14:33:14,5.75,150,48350
20240130,14:33:24,5.8,100,48350
20240130,14:33:44,5.85,250,48350
20240130,14:34:02,5.95,250,48350
20240130,14:34:58,5.7,50,48350
20240130,14:35:26,5.95,250,48350
20240130,14:35:58,6.1,250,48350
20240130,14:36:19,6.1,150,49300
20240130,14:36:40,6.1,300,49300
20240130,14:36:50,6.25,50,49300
20240130,14:37:10,6.1,600,49300
20240130,14:37:51,6.0,1200,49300
20240130,14:38:01,6.0,200,49300
20240130,14:38:11,6.0,1100,49300
20240130,14:38:21,6.0,150,49300
20240130,14:38:31,5.85,650,49300
20240130,14:38:42,5.8,850,49300
20240130,14:38:52,5.8,50,49300
20240130,14:39:01,5.75,50,49300
20240130,14:39:11,5.7,250,50450
20240130,14:39:52,5.55,100,50450
20240130,14:40:03,5.6,150,50450
20240130,14:40:12,5.65,300,50450
20240130,14:40:22,5.7,1050,50450
20240130,14:40:32,5.7,250,50450
20240130,14:40:51,5.6,150,50450
20240130,14:41:39,5.55,50,50450
20240130,14:42:15,5.65,50,50250
20240130,14:43:24,5.55,50,50250
20240130,14:43:33,5.5,50,50250
20240130,14:43:42,5.4,50,50250
20240130,14:43:50,5.55,250,50250
20240130,14:43:59,5.45,50,50250
20240130,14:44:08,5.35,150,50250
20240130,14:44:16,5.35,200,50250
20240130,14:44:43,5.4,250,50250
20240130,14:44:52,5.5,250,50250
20240130,14:45:02,5.5,100,50250
20240130,14:45:37,5.45,50,49750
20240130,14:45:46,5.5,100,49750
20240130,14:45:55,5.45,450,49750
20240130,14:46:13,5.5,700,49750
20240130,14:46:22,5.5,450,49750
20240130,14:46:32,5.45,450,49750
20240130,14:46:42,5.45,150,49750
20240130,14:46:51,5.4,800,49750
20240130,14:47:10,5.2,300,49750
20240130,14:47:20,5.2,700,49750
20240130,14:47:41,5.15,300,49750
20240130,14:48:01,5.15,300,49750
20240130,14:48:48,5.05,300,51850
20240130,14:49:54,5.1,150,51850
20240130,14:50:22,5.25,850,51850
20240130,14:50:32,5.1,650,51850
20240130,14:50:43,5.1,750,51850
20240130,14:50:53,5.1,1050,51850
20240130,14:51:04,5.0,500,51150
20240130,14:51:15,5.1,1850,51150
20240130,14:51:24,5.0,1450,51150
20240130,14:51:53,4.95,400,51150
20240130,14:52:15,5.05,100,51150
20240130,14:52:24,5.1,150,51150
20240130,14:52:33,5.0,150,51150
20240130,14:52:43,5.05,50,51150
20240130,14:53:03,5.0,50,51150
20240130,14:54:09,5.1,200,50200
20240130,14:54:38,5.15,450,50200
20240130,14:55:46,5.05,50,50200
20240130,14:56:05,5.0,3150,50200
20240130,14:56:15,5.0,450,50200
20240130,14:56:25,4.95,650,50200
20240130,14:56:35,4.9,400,50200
20240130,14:56:54,4.9,50,50200
20240130,14:57:11,4.9,800,52000
20240130,14:57:20,4.9,1800,52000
20240130,14:57:49,4.9,250,52000
20240130,14:57:58,4.9,450,52000
20240130,14:58:34,4.9,150,52000
20240130,14:58:43,4.9,250,52000
20240130,14:58:51,4.9,250,52000
20240130,14:59:08,4.85,600,52000
20240130,14:59:18,4.85,1400,52000
20240130,14:59:26,4.85,50,52000
20240130,14:59:36,4.85,50,52000
20240130,15:00:33,4.7,100,55050
20240130,15:00:54,4.7,250,55050
20240130,15:01:16,4.9,100,55050
20240130,15:01:38,4.9,100,55050
20240130,15:01:49,5.0,50,55050
20240130,15:02:18,4.95,50,55050
20240130,15:02:36,4.95,50,55050
20240130,15:03:05,4.9,50,55050
20240130,15:03:15,4.9,50,54950
20240130,15:03:25,4.85,50,54950
20240130,15:04:15,4.8,50,54950
20240130,15:05:11,4.95,350,54950
20240130,15:05:30,4.8,500,54950
20240130,15:08:55,4.95,150,55300
20240130,15:09:22,4.95,50,55250
20240130,15:09:48,5.0,100,55250
20240130,15:10:05,4.9,150,55250
20240130,15:10:24,4.95,250,55250
20240130,15:10:49,4.95,50,55250
20240130,15:11:06,4.9,350,55250
20240130,15:11:33,4.95,50,55250
20240130,15:11:42,4.95,200,55250
20240130,15:11:59,4.95,100,55250
20240130,15:12:26,5.0,200,55050
20240130,15:12:34,5.0,300,55050
20240130,15:14:55,5.1,50,55050
20240130,15:15:05,5.0,200,55050
20240130,15:15:36,5.1,200,55050
20240130,15:16:14,4.9,200,55050
20240130,15:18:23,4.9,750,55350
20240130,15:19:31,5.0,50,55350
20240130,15:20:07,4.95,150,55350
20240130,15:20:17,5.0,50,55350
20240130,15:20:36,4.65,600,55350
20240130,15:22:44,4.65,50,56000
20240130,15:23:59,4.75,300,56000
20240130,15:25:11,4.8,100,56300
20240130,15:25:22,4.8,100,56300
20240130,15:25:50,4.65,250,56300
20240130,15:26:45,4.65,500,56300
20240130,15:26:53,4.6,50,56300
20240130,15:27:11,4.6,50,56250
20240130,15:27:40,4.6,300,56250
20240130,15:28:06,4.65,200,56250
20240130,15:28:33,4.75,200,56250
20240130,15:29:32,4.9,350,56250
20240130,15:29:44,4.85,950,56250
20240131,09:15:45,5.4,1,55350
20240131,09:15:45,5.4,50,55350
20240131,09:16:02,5.65,150,55350
20240131,09:16:59,6.3,100,55350
20240131,09:17:06,6.3,300,55350
20240131,09:17:16,5.95,50,55350
20240131,09:17:25,6.0,50,55350
20240131,09:17:40,5.85,50,55550
20240131,09:17:58,6.0,50,55550
20240131,09:18:16,6.0,50,55550
20240131,09:18:24,5.95,100,55550
20240131,09:18:32,5.95,50,55550
20240131,09:18:40,5.95,100,55550
20240131,09:18:48,5.9,150,55550
20240131,09:19:09,5.8,50,55550
20240131,09:19:16,5.85,50,55550
20240131,09:19:29,5.75,1650,55550
20240131,09:20:02,5.75,100,55550
20240131,09:20:10,5.7,300,55550
20240131,09:20:17,5.65,500,55550
20240131,09:20:24,5.8,100,55950
20240131,09:20:57,5.85,50,55950
20240131,09:21:29,5.8,50,55950
20240131,09:21:43,5.75,50,55950
20240131,09:21:50,5.75,100,55950
20240131,09:21:58,5.75,50,55950
20240131,09:22:06,5.75,300,55950
20240131,09:22:20,5.85,150,55950
20240131,09:22:41,5.8,50,55950
20240131,09:22:48,5.85,300,55950
20240131,09:22:55,5.65,150,55950
20240131,09:23:02,5.75,100,55950
20240131,09:23:16,5.8,100,55950
20240131,09:23:52,5.8,50,56550
20240131,09:25:52,5.6,50,56550
20240131,09:26:52,5.65,100,56600
20240131,09:27:57,5.45,50,56600
20240131,09:28:06,5.4,400,56600
20240131,09:28:13,5.45,200,56600
20240131,09:28:20,5.45,250,56600
20240131,09:28:34,5.35,50,56600
20240131,09:28:41,5.35,100,56600
20240131,09:28:55,5.5,1050,56600
20240131,09:29:02,5.65,800,56600
20240131,09:29:09,5.7,850,56600
20240131,09:29:16,5.8,600,56600
20240131,09:29:24,5.7,800,56600
20240131,09:29:30,5.7,350,56150
20240131,09:29:38,5.7,600,56150
20240131,09:29:46,5.7,600,56150
20240131,09:29:53,5.7,200,56150
20240131,09:30:02,5.7,100,56150
20240131,09:30:34,5.75,100,56150
20240131,09:30:42,5.75,50,56150
20240131,09:30:50,5.6,50,56150
20240131,09:30:58,5.6,550,56150
20240131,09:31:14,5.7,300,56150
20240131,09:31:28,5.65,150,56150
20240131,09:32:03,5.7,200,56150
20240131,09:32:10,5.7,100,56150
20240131,09:32:24,5.65,500,55450
20240131,09:32:31,5.65,100,55450
20240131,09:32:38,5.65,100,55450
20240131,09:32:52,5.6,100,55450
20240131,09:32:58,5.55,50,55450
20240131,09:33:12,5.6,150,55450
20240131,09:33:38,5.5,50,55450
20240131,09:33:45,5.6,50,55450
20240131,09:34:18,5.55,50,55450
20240131,09:35:09,5.35,250,55450
20240131,09:35:16,5.35,250,55450
20240131,09:35:24,5.25,50,55450
20240131,09:35:38,5.1,1500,56150
20240131,09:35:45,5.1,100,56150
20240131,09:36:08,5.05,50,56150
20240131,09:36:16,5.0,200,56150
20240131,09:36:23,5.0,50,56150
20240131,09:36:44,4.95,200,56150
20240131,09:37:01,4.95,150,56150
20240131,09:37:08,5.05,100,56150
20240131,09:37:15,4.95,200,56150
20240131,09:37:22,4.95,350,56150
20240131,09:37:37,5.0,400,56150
20240131,09:37:50,4.9,50,56150
20240131,09:38:56,4.9,250,56050
20240131,09:39:03,5.05,50,56050
20240131,09:40:05,5.05,150,56050
20240131,09:40:34,5.2,50,56050
20240131,09:40:41,5.25,300,56050
20240131,09:41:22,5.15,400,56050
20240131,09:41:43,5.15,200,56200
20240131,09:41:52,5.1,50,56200
20240131,09:42:00,5.1,200,56200
20240131,09:42:45,5.05,100,56200
20240131,09:42:52,5.05,100,56200
20240131,09:43:05,5.05,200,56200
20240131,09:43:14,5.0,300,56200
20240131,09:43:23,4.9,150,56200
20240131,09:43:39,4.95,50,56200
20240131,09:43:48,4.9,250,56200
20240131,09:43:56,4.9,550,56200
20240131,09:44:22,4.9,200,56200
20240131,09:44:36,4.9,200,56100
20240131,09:44:51,4.95,450,56100
20240131,09:45:06,4.9,850,56100
20240131,09:45:29,4.95,600,56100
20240131,09:45:57,4.95,150,56100
20240131,09:46:18,4.95,300,56100
20240131,09:46:25,4.9,250,56100
20240131,09:46:32,5.0,650,56100
20240131,09:46:47,5.0,150,56100
20240131,09:47:22,5.0,50,56100
20240131,09:47:29,4.9,100,58100
20240131,09:47:51,4.95,50,58100
20240131,09:49:44,5.0,1000,58100
20240131,09:50:12,5.0,250,58100
20240131,09:50:19,5.0,50,58100
20240131,09:50:37,4.95,250,59150
20240131,09:50:56,4.95,700,59150
20240131,09:51:03,4.95,500,59150
20240131,09:51:10,4.9,300,59150
20240131,09:52:38,5.0,450,59150
20240131,09:52:45,5.0,1500,59150
20240131,09:53:04,5.0,700,59150
20240131,09:53:17,5.0,300,59150
20240131,09:53:23,5.0,500,59150
20240131,09:53:37,4.95,50,61650
20240131,09:53:51,5.0,1800,61650
20240131,09:54:27,5.0,50,61650
20240131,09:54:39,5.05,200,61650
20240131,09:55:17,5.1,250,61650
20240131,09:55:51,5.0,50,61650
20240131,09:56:04,4.9,1150,61650
20240131,09:56:11,4.95,250,61650
20240131,09:58:09,5.0,50,63650
20240131,09:58:42,5.0,550,63650
20240131,09:58:54,4.9,50,63650
20240131,09:59:52,4.95,450,64200
20240131,10:00:33,5.0,200,64200
20240131,10:00:41,5.1,200,64200
20240131,10:00:48,5.0,300,64200
20240131,10:00:55,5.05,350,64200
20240131,10:01:02,5.05,200,64200
20240131,10:01:08,5.1,50,64200
20240131,10:01:15,5.1,250,64200
20240131,10:01:22,5.1,250,64200
20240131,10:02:11,5.1,50,64200
20240131,10:02:24,5.15,200,64200
20240131,10:02:30,5.15,100,64200
20240131,10:03:08,5.15,50,65000
20240131,10:03:21,5.1,150,65000
20240131,10:03:43,5.05,600,65000
20240131,10:04:10,5.0,300,65000
20240131,10:04:57,4.9,350,65000
20240131,10:05:30,4.8,150,65700
20240131,10:06:14,4.8,250,65700
20240131,10:06:21,4.9,100,65700
20240131,10:06:29,4.9,250,65700
20240131,10:06:35,4.95,200,65700
20240131,10:07:05,4.9,50,65700
20240131,10:07:34,4.7,100,65700
20240131,10:08:29,4.6,50,65700
20240131,10:09:25,4.5,50,65900
20240131,10:09:32,4.5,650,65900
20240131,10:09:47,4.45,50,65900
20240131,10:10:14,4.45,500,65900
20240131,10:10:34,4.55,2200,65900
20240131,10:10:41,4.65,3950,65900
20240131,10:10:47,4.7,1050,65900
20240131,10:10:54,4.85,9050,65900
20240131,10:11:01,4.75,1150,65900
20240131,10:11:14,4.8,1100,65900
20240131,10:11:21,4.85,50,65900
20240131,10:11:28,4.8,500,65900
20240131,10:11:42,4.85,500,79700
20240131,10:11:49,4.9,50,79700
20240131,10:12:02,4.85,1400,79700
20240131,10:12:17,4.9,50,79700
20240131,10:12:23,4.9,50,79700
20240131,10:12:38,4.85,150,79700
20240131,10:12:55,4.85,50,79700
20240131,10:13:02,4.8,250,79700
20240131,10:13:09,4.85,50,79700
20240131,10:13:36,4.8,50,79700
20240131,10:15:03,4.8,250,79500
20240131,10:15:17,4.9,800,79500
20240131,10:15:33,4.85,50,79500
20240131,10:15:41,4.85,1350,79500
20240131,10:15:49,4.85,200,79500
20240131,10:16:04,4.85,300,79500
20240131,10:16:12,4.85,250,79500
20240131,10:16:49,4.85,450,79500
20240131,10:16:56,5.0,250,79500
20240131,10:17:10,4.85,100,79500
20240131,10:17:24,4.85,150,79500
20240131,10:17:38,4.85,1000,79050
20240131,10:18:27,4.85,50,79050
20240131,10:18:34,4.85,150,79050
20240131,10:18:48,4.85,350,79050
20240131,10:18:55,4.8,100,79050
20240131,10:19:08,4.85,600,79050
20240131,10:20:41,4.85,1250,79200
20240131,10:20:54,4.9,150,79200
20240131,10:21:31,4.95,900,79200
20240131,10:22:03,4.9,100,79200
20240131,10:22:21,4.85,650,79200
20240131,10:24:03,4.9,200,78900
20240131,10:25:18,4.95,50,78900
20240131,10:27:02,4.85,50,78700
20240131,10:27:22,4.9,600,78700
20240131,10:27:59,5.0,50,78700
20240131,10:28:54,5.0,50,78700
20240131,10:29:20,4.9,50,78700
20240131,10:29:52,4.9,300,78100
20240131,10:30:11,4.95,500,78100
20240131,10:32:31,4.75,50,78100
20240131,10:32:38,4.9,150,78750
20240131,10:32:54,4.85,50,78750
20240131,10:33:18,4.85,200,78750
20240131,10:33:26,4.8,100,78750
20240131,10:33:34,4.75,300,78750
20240131,10:33:51,4.75,300,78750
20240131,10:34:00,4.7,50,78750
20240131,10:35:23,4.7,200,78750
20240131,10:38:19,4.75,100,78150
20240131,10:39:14,4.75,100,78250
20240131,10:39:43,4.7,50,78250
20240131,10:39:50,4.75,1050,78250
20240131,10:40:24,4.85,1800,78250
20240131,10:40:52,4.9,750,78250
20240131,10:41:05,4.8,300,78250
20240131,10:42:32,4.85,50,81650
20240131,10:43:19,4.85,100,81650
20240131,10:43:27,4.85,150,81650
20240131,10:43:54,4.85,50,81650
20240131,10:44:14,4.9,150,81650
20240131,10:44:50,4.85,400,81600
20240131,10:45:24,4.9,1350,81600
20240131,10:47:18,4.9,50,81600
20240131,10:47:24,4.75,500,81600
20240131,10:47:30,4.85,50,81600
20240131,10:47:36,4.7,500,82600
20240131,10:48:17,4.8,500,82600
20240131,10:48:23,4.9,100,82600
20240131,10:48:54,4.95,200,82600
20240131,10:49:07,4.95,50,82600
20240131,10:49:20,4.85,150,82600
20240131,10:49:57,4.8,50,82600
20240131,10:51:22,4.8,50,83050
20240131,10:51:39,4.8,50,83050
20240131,10:54:02,4.75,250,82950
20240131,10:55:06,4.65,200,82950
20240131,10:55:26,4.6,300,82950
20240131,10:57:35,4.6,150,82950
20240131,10:58:29,4.7,100,82950
20240131,11:00:10,4.7,50,83150
20240131,11:01:04,4.7,50,83150
20240131,11:06:21,4.7,1200,83150
20240131,11:07:17,4.65,150,83150
20240131,11:07:24,4.65,50,83150
20240131,11:07:31,4.75,1000,83150
20240131,11:07:38,4.6,150,83150
20240131,11:07:45,4.65,1650,83150
20240131,11:08:18,4.75,2000,83150
20240131,11:08:24,4.7,150,83150
20240131,11:09:13,4.7,150,81850
20240131,11:09:51,4.7,300,81850
20240131,11:09:57,4.7,300,81850
20240131,11:10:09,4.75,900,81850
20240131,11:10:22,4.75,250,81850
20240131,11:10:34,4.75,100,81850
20240131,11:11:26,4.75,150,81850
20240131,11:11:51,4.85,2150,80850
20240131,11:11:58,4.85,400,80850
20240131,11:14:14,4.75,950,80850
20240131,11:15:13,4.8,50,79000
20240131,11:15:58,4.85,100,79000
20240131,11:17:43,4.85,50,79050
20240131,11:18:21,4.8,50,79050
20240131,11:20:05,4.8,150,79050
20240131,11:21:00,4.85,50,79250
20240131,11:21:52,4.85,200,79250
20240131,11:22:32,4.9,350,79250
20240131,11:22:39,4.8,200,79250
20240131,11:24:20,4.85,50,79200
20240131,11:25:01,4.8,100,79200
20240131,11:25:06,4.9,100,79200
20240131,11:26:46,4.85,50,79150
20240131,11:28:57,4.85,300,79150
20240131,11:30:24,4.75,200,78900
20240131,11:30:32,4.7,1050,78900
20240131,11:31:45,4.65,150,78900
20240131,11:31:52,4.6,500,78900
20240131,11:32:00,4.65,200,78900
20240131,11:32:55,4.65,50,77750
20240131,11:34:06,4.6,100,77750
20240131,11:34:12,4.6,100,77750
20240131,11:34:24,4.6,100,77750
20240131,11:34:30,4.6,400,77750
20240131,11:34:59,4.65,250,77750
20240131,11:35:06,4.65,50,77750
20240131,11:35:19,4.65,500,77750
20240131,11:35:37,4.65,50,77750
20240131,11:36:54,4.65,50,78100
20240131,11:37:17,4.75,50,78100
20240131,11:41:04,4.85,50,78050
20240131,11:41:22,4.8,200,78050
20240131,11:43:38,4.95,300,78100
20240131,11:45:00,4.75,650,77850
20240131,11:45:12,4.75,50,77850
20240131,11:47:28,4.85,150,77850
20240131,11:48:47,4.75,750,77650
20240131,11:49:17,4.7,150,77650
20240131,11:49:22,4.7,150,77650
20240131,11:49:27,4.7,200,77650
20240131,11:50:02,4.7,150,77650
20240131,11:50:08,4.7,150,77650
20240131,11:50:34,4.7,50,77650
20240131,11:50:40,4.75,150,77650
20240131,11:53:46,4.7,300,78100
20240131,11:54:23,4.6,150,78100
20240131,11:55:04,4.7,100,78100
20240131,11:55:43,4.6,50,78100
20240131,11:57:11,4.65,800,78100
20240131,11:58:07,4.55,150,78100
20240131,11:58:53,4.65,100,78100
20240131,11:58:59,4.65,500,78100
20240131,11:59:04,4.7,200,78100
20240131,11:59:17,4.6,650,78100
20240131,11:59:47,4.65,50,77900
20240131,11:59:57,4.65,150,77900
20240131,12:00:02,4.65,150,77900
20240131,12:00:35,4.65,50,77900
20240131,12:01:00,4.65,100,77900
20240131,12:01:36,4.65,300,77900
20240131,12:02:46,4.65,150,77550
20240131,12:02:52,4.65,150,77550
20240131,12:03:28,4.6,50,77550
20240131,12:05:34,4.6,300,77550
20240131,12:05:47,4.6,1050,77300
20240131,12:06:08,4.55,500,77300
20240131,12:06:29,4.6,250,77300
20240131,12:07:22,4.55,500,77300
20240131,12:08:13,4.45,550,77300
20240131,12:10:15,4.55,200,76250
20240131,12:10:47,4.55,200,76250
20240131,12:11:45,4.55,50,76250
20240131,12:12:31,4.5,200,76300
20240131,12:12:43,4.55,100,76300
20240131,12:12:52,4.6,50,76300
20240131,12:13:07,4.6,50,76300
20240131,12:13:11,4.6,300,76300
20240131,12:13:28,4.55,100,76300
20240131,12:13:44,4.5,100,76300
20240131,12:14:25,4.55,50,76300
20240131,12:14:46,4.6,300,75900
20240131,12:15:03,4.6,550,75900
20240131,12:15:09,4.6,200,75900
20240131,12:16:48,4.6,50,75900
20240131,12:17:40,4.65,750,75900
20240131,12:17:46,4.65,100,75600
20240131,12:18:09,4.6,50,75600
20240131,12:18:36,4.6,50,75600
20240131,12:20:41,4.55,1000,75600
20240131,12:21:13,4.7,750,75700
20240131,12:22:34,4.75,150,75700
20240131,12:22:50,4.65,200,75700
20240131,12:23:06,4.7,500,75700
20240131,12:24:49,4.65,200,75400
20240131,12:25:41,4.65,50,75400
20240131,12:26:52,4.65,150,75500
20240131,12:28:11,4.7,200,75500
20240131,12:29:49,4.6,300,75250
20240131,12:30:02,4.6,50,75250
20240131,12:31:35,4.65,750,75250
20240131,12:31:41,4.6,50,75250
20240131,12:31:47,4.65,200,75250
20240131,12:32:10,4.6,150,75250
20240131,12:33:27,4.7,150,75000
20240131,12:33:45,4.55,50,75000
20240131,12:34:45,4.55,100,75000
20240131,12:34:51,4.65,150,75000
20240131,12:37:20,4.55,150,74750
20240131,12:38:46,4.5,50,74750
20240131,12:41:48,4.5,100,74600
20240131,12:43:07,4.65,300,74650
20240131,12:44:45,4.8,150,74650
20240131,12:45:06,4.85,200,74300
20240131,12:45:12,4.9,250,74300
20240131,12:45:18,4.9,50,74300
20240131,12:45:25,4.95,100,74300
20240131,12:48:34,4.7,50,74250
20240131,12:48:41,4.75,200,74250
20240131,12:48:54,4.75,200,74250
20240131,12:48:59,4.8,550,74250
20240131,12:49:05,4.8,300,74250
20240131,12:49:34,4.9,300,74250
20240131,12:50:52,4.9,350,74550
20240131,12:52:15,4.75,150,74550
20240131,12:54:18,4.85,150,74750
20240131,12:58:09,4.75,50,74750
20240131,12:58:15,4.75,200,74750
20240131,12:59:53,4.75,250,74750
20240131,13:00:05,4.7,350,75000
20240131,13:00:18,4.75,650,75000
20240131,13:00:25,4.65,900,75000
20240131,13:00:39,4.75,600,75000
20240131,13:00:52,4.7,50,75000
20240131,13:01:17,4.75,50,75000
20240131,13:01:24,4.8,450,75000
20240131,13:01:30,4.7,200,75000
20240131,13:01:42,4.65,200,75000
20240131,13:02:01,4.75,300,75000
20240131,13:02:26,4.75,150,75000
20240131,13:02:38,4.7,200,75000
20240131,13:02:44,4.7,50,75000
20240131,13:03:22,4.7,250,76800
20240131,13:03:28,4.65,950,76800
20240131,13:03:40,4.7,50,76800
20240131,13:04:30,4.7,550,76800
20240131,13:04:36,4.75,250,76800
20240131,13:04:42,4.75,50,76800
20240131,13:04:54,4.75,100,76800
20240131,13:05:06,4.7,50,76800
20240131,13:05:12,4.65,450,76800
20240131,13:05:58,4.7,150,78600
20240131,13:06:35,4.65,50,78600
20240131,13:06:46,4.65,200,78600
20240131,13:06:52,4.7,200,78600
20240131,13:07:03,4.7,200,78600
20240131,13:07:31,4.7,200,78600
20240131,13:07:46,4.7,100,78600
20240131,13:08:03,4.7,650,78600
20240131,13:08:19,4.7,500,78600
20240131,13:09:43,4.65,300,79000
20240131,13:09:49,4.65,250,79000
20240131,13:10:23,4.6,200,79000
20240131,13:10:29,4.7,100,79000
20240131,13:10:34,4.65,200,79000
20240131,13:11:14,4.65,250,79000
20240131,13:11:26,4.65,50,79000
20240131,13:11:32,4.65,50,79000
20240131,13:11:50,4.7,150,79000
20240131,13:11:55,4.7,50,79600
20240131,13:12:01,4.7,250,79600
20240131,13:12:07,4.7,450,79600
20240131,13:12:19,4.7,250,79600
20240131,13:12:30,4.65,50,79600
20240131,13:12:56,4.65,150,79600
20240131,13:13:09,4.7,650,79600
20240131,13:13:15,4.65,700,79600
20240131,13:13:29,4.7,50,79600
20240131,13:13:49,4.7,450,79600
20240131,13:14:27,4.65,200,79600
20240131,13:14:50,4.65,200,79600
20240131,13:15:19,4.6,200,81850
20240131,13:15:25,4.65,200,81850
20240131,13:16:16,4.7,850,81850
20240131,13:16:21,4.7,400,81850
20240131,13:17:03,4.75,250,81850
20240131,13:17:17,4.75,250,81850
20240131,13:17:29,4.7,50,81850
20240131,13:17:52,4.65,550,81850
20240131,13:17:57,4.75,250,83450
20240131,13:18:19,4.8,400,83450
20240131,13:18:30,4.65,50,83450
20240131,13:20:43,4.65,250,83450
20240131,13:21:07,4.7,200,84200
20240131,13:22:52,4.75,100,84200
20240131,13:25:49,4.7,150,84200
20240131,13:28:04,4.75,100,84300
20240131,13:28:36,4.85,50,84300
20240131,13:29:34,4.7,100,84300
20240131,13:30:03,4.7,200,84200
20240131,13:30:10,4.7,200,84200
20240131,13:30:17,4.65,50,84200
20240131,13:30:39,4.65,100,84200
20240131,13:36:23,4.65,50,83750
20240131,13:37:24,4.6,50,83750
20240131,13:37:32,4.65,50,83750
20240131,13:39:29,4.7,50,83750
20240131,13:41:03,4.75,50,83750
20240131,13:41:49,4.7,200,83750
20240131,13:42:28,4.75,50,83850
20240131,13:42:50,4.75,450,83850
20240131,13:43:05,4.75,500,83850
20240131,13:45:55,4.75,100,84250
20240131,13:47:12,4.75,350,84250
20240131,13:48:45,4.9,100,84400
20240131,13:49:06,4.95,1000,84400
20240131,13:49:59,4.95,100,84400
20240131,13:50:54,4.9,50,84400
20240131,13:51:00,4.9,250,84650
20240131,13:51:07,4.85,150,84650
20240131,13:52:01,4.85,150,84650
20240131,13:52:34,4.75,1800,84650
20240131,13:52:41,4.65,3600,84650
20240131,13:52:47,4.7,2100,84650
20240131,13:53:15,4.6,600,84650
20240131,13:53:22,4.6,150,84650
20240131,13:53:49,4.7,100,84650
20240131,13:54:11,4.65,100,87400
20240131,13:54:40,4.65,350,87400
20240131,13:55:03,4.6,150,87400
20240131,13:56:07,4.6,100,87400
20240131,13:56:15,4.6,900,87400
20240131,13:56:30,4.55,2500,87400
20240131,13:56:38,4.5,200,87400
20240131,13:56:46,4.5,800,87400
20240131,13:56:52,4.5,1450,87400
20240131,13:56:59,4.45,400,88000
20240131,13:57:06,4.4,1550,88000
20240131,13:57:12,4.4,800,88000
20240131,13:57:19,4.45,300,88000
20240131,13:57:25,4.5,550,88000
20240131,13:57:33,4.4,1200,88000
20240131,13:57:40,4.35,1150,88000
20240131,13:57:47,4.3,2950,88000
20240131,13:57:53,4.35,400,88000
20240131,13:57:59,4.25,450,88000
20240131,13:58:06,4.25,1200,88000
20240131,13:58:39,4.35,400,88000
20240131,13:58:52,4.35,200,88000
20240131,13:59:04,4.35,50,88000
20240131,13:59:16,4.35,150,88000
20240131,13:59:35,4.25,250,88000
20240131,13:59:41,4.25,200,88000
20240131,14:00:00,4.2,2450,85800
20240131,14:00:06,4.25,50,85800
20240131,14:00:26,4.2,850,85800
20240131,14:00:38,4.2,250,85800
20240131,14:00:46,4.15,550,85800
20240131,14:01:00,4.15,100,85800
20240131,14:01:12,4.2,500,85800
20240131,14:02:32,4.2,400,85800
20240131,14:02:39,4.2,700,85800
20240131,14:02:45,4.2,650,85800
20240131,14:02:52,4.2,200,85800
20240131,14:02:58,4.2,400,85800
20240131,14:03:03,4.15,250,84950
20240131,14:03:36,4.2,50,84950
20240131,14:03:58,4.25,600,84950
20240131,14:04:54,4.3,150,84950
20240131,14:05:16,4.35,1650,84950
20240131,14:05:27,4.35,1450,84950
20240131,14:05:45,4.3,250,84950
20240131,14:06:50,4.3,200,84400
20240131,14:10:00,4.3,200,84400
20240131,14:11:15,4.25,250,84400
20240131,14:11:31,4.4,300,84400
20240131,14:13:17,4.4,200,84350
20240131,14:13:27,4.35,50,84350
20240131,14:15:13,4.35,700,84500
20240131,14:15:17,4.4,200,84500
20240131,14:15:21,4.45,300,84500
20240131,14:16:05,4.4,50,84500
20240131,14:16:19,4.35,100,84500
20240131,14:19:20,4.45,300,84450
20240131,14:20:54,4.5,600,84450
20240131,14:21:13,4.35,500,85150
20240131,14:21:19,4.4,150,85150
20240131,14:21:24,4.4,100,85150
20240131,14:23:33,4.4,50,85150
20240131,14:24:42,4.4,250,84550
20240131,14:26:41,4.45,300,84550
20240131,14:27:07,4.45,300,84350
20240131,14:28:28,4.5,100,84350
20240131,14:28:59,4.5,200,84350
20240131,14:29:04,4.5,200,84350
20240131,14:29:09,4.45,250,84350
20240131,14:29:14,4.5,50,84350
20240131,14:30:37,4.45,50,83800
20240131,14:31:03,4.45,50,83800
20240131,14:31:38,4.45,50,83800
20240131,14:33:42,4.5,150,83700
20240131,14:34:41,4.45,50,83700
20240131,14:35:01,4.45,50,83700
20240131,14:36:43,4.5,50,83800
20240131,14:37:30,4.45,50,83800
20240131,14:40:28,4.4,250,83800
20240131,14:40:34,4.4,200,83800
20240131,14:41:34,4.35,50,83800
20240131,14:41:57,4.45,150,83800
20240131,14:42:01,4.4,300,83800
20240131,14:42:28,4.35,50,83200
20240131,14:42:49,4.35,100,83200
20240131,14:43:42,4.3,1800,83200
20240131,14:43:46,4.25,1800,83200
20240131,14:43:51,4.3,100,83200
20240131,14:43:57,4.35,50,83200
20240131,14:46:09,4.25,50,85300
20240131,14:46:27,4.3,50,85300
20240131,14:47:05,4.35,200,85300
20240131,14:47:53,4.25,1500,85300
20240131,14:48:01,4.35,50,85300
20240131,14:48:22,4.25,500,84200
20240131,14:48:43,4.35,300,84200
20240131,14:48:56,4.35,50,84200
20240131,14:50:29,4.4,50,84200
20240131,14:51:26,4.4,100,83850
20240131,14:52:12,4.4,150,83850
20240131,14:59:28,4.4,50,83750
20240131,14:59:33,4.3,100,83750
20240131,14:59:59,4.55,500,83750
20240131,15:00:20,4.45,50,84250
20240131,15:01:45,4.45,50,84250
20240131,15:01:51,4.5,250,84250
20240131,15:03:30,4.4,50,84250
20240131,15:05:48,4.35,300,84200
20240131,15:05:55,4.35,200,84200
20240131,15:06:36,4.4,100,84300
20240131,15:08:24,4.55,1900,84300
20240131,15:08:31,4.5,500,84300
20240131,15:09:35,4.55,200,85200
20240131,15:09:59,4.5,50,85200
20240131,15:10:11,4.6,50,85200
20240131,15:11:07,4.5,250,85200
20240131,15:11:13,4.45,200,85200
20240131,15:11:31,4.5,300,85200
20240131,15:11:37,4.6,350,85200
20240131,15:11:43,4.6,100,85200
20240131,15:12:06,4.55,550,85200
20240131,15:12:28,4.6,200,86300
20240131,15:12:41,4.65,2000,86300
20240131,15:13:14,4.65,50,86300
20240131,15:13:36,4.65,200,86300
20240131,15:13:58,4.7,250,86300
20240131,15:14:44,4.7,200,86300
20240131,15:14:50,4.7,50,86300
20240131,15:14:56,4.7,350,86300
20240131,15:15:02,4.65,200,86300
20240131,15:15:21,4.7,250,86050
20240131,15:15:33,4.55,400,86050
20240131,15:15:39,4.55,100,86050
20240131,15:15:46,4.55,50,86050
20240131,15:15:58,4.5,50,86050
20240131,15:16:04,4.5,50,86050
20240131,15:16:21,4.45,200,86050
20240131,15:16:28,4.5,50,86050
20240131,15:16:45,4.5,50,86050
20240131,15:17:19,4.6,50,86050
20240131,15:17:41,4.7,150,86050
20240131,15:18:04,4.6,200,86050
20240131,15:18:09,4.7,50,86050
20240131,15:18:39,4.6,250,85400
20240131,15:18:57,4.6,50,85400
20240131,15:19:31,4.65,300,85400
20240131,15:19:43,4.65,550,85400
20240131,15:20:09,4.65,200,85400
20240131,15:20:14,4.7,250,85400
20240131,15:20:25,4.7,1050,85400
20240131,15:20:53,4.8,550,85400
20240131,15:21:02,4.65,250,85400
20240131,15:21:18,4.65,50,83900
20240131,15:21:23,4.65,50,83900
20240131,15:22:14,4.65,250,83900
20240131,15:22:29,4.6,50,83900
20240131,15:23:15,4.55,100,83900
20240131,15:23:20,4.55,250,83900
20240131,15:24:07,4.5,300,83900
20240131,15:24:39,4.5,50,83700
20240131,15:24:44,4.6,150,83700
20240131,15:24:48,4.65,100,83700
20240131,15:25:03,4.65,50,83700
20240131,15:25:13,4.65,100,83700
20240131,15:25:23,4.8,1500,83700
20240131,15:25:33,4.65,100,83700
20240131,15:25:50,4.6,150,83700
20240131,15:25:55,4.75,100,83700
20240131,15:26:00,4.6,50,83700
20240131,15:26:21,4.65,50,83700
20240131,15:26:41,4.55,100,83700
20240131,15:26:51,4.5,600,83700
20240131,15:27:12,4.5,100,83550
20240131,15:27:22,4.5,50,83550
20240131,15:27:27,4.65,50,83550
20240131,15:27:37,4.6,400,83550
20240131,15:27:43,4.6,200,83550
20240131,15:27:58,4.6,150,83550
20240131,15:28:03,4.6,50,83550
20240131,15:28:35,4.55,50,83550
20240131,15:28:40,4.55,100,83550
20240131,15:28:46,4.5,50,83550
20240131,15:28:52,4.8,500,83550
20240131,15:29:22,4.75,50,83550
20240131,15:29:41,4.8,100,83550
20240131,15:29:48,4.6,300,83550
20240131,15:29:56,4.75,100,83550
20240201,09:15:00,4.8,1,83200
20240201,09:15:00,4.8,50,83200
20240201,09:15:08,6.0,50,83200
20240201,09:15:18,6.0,600,83200
20240201,09:15:18,4.5,600,83200
20240201,09:15:29,4.25,100,83200
20240201,09:15:40,3.9,1100,83200
20240201,09:15:50,3.9,200,83200
20240201,09:16:00,4.55,450,83200
20240201,09:16:10,4.85,150,83200
20240201,09:16:21,4.6,250,83200
20240201,09:16:40,4.85,100,83200
20240201,09:17:01,4.75,500,83200
20240201,09:17:11,4.75,3800,83200
20240201,09:17:21,5.0,1500,83200
20240201,09:17:30,5.1,2400,86650
20240201,09:17:40,5.1,700,86650
20240201,09:17:50,5.1,300,86650
20240201,09:17:59,5.4,250,86650
20240201,09:18:19,5.3,50,86650
20240201,09:18:29,5.3,50,86650
20240201,09:18:40,5.3,50,86650
20240201,09:18:49,5.25,200,86650
20240201,09:18:59,5.2,100,86650
20240201,09:19:19,5.3,150,86650
20240201,09:19:29,5.3,500,86650
20240201,09:19:39,5.2,400,86650
20240201,09:19:48,5.2,350,86650
20240201,09:19:58,5.2,1200,86650
20240201,09:20:08,5.2,1100,86650
20240201,09:20:17,5.25,100,86650
20240201,09:20:27,5.15,50,90000
20240201,09:20:36,5.25,50,90000
20240201,09:20:54,5.25,450,90000
20240201,09:21:04,5.3,550,90000
20240201,09:21:23,5.15,150,90000
20240201,09:21:32,5.2,200,90000
20240201,09:21:41,5.2,200,90000
20240201,09:21:51,5.2,200,90000
20240201,09:22:00,5.15,950,90000
20240201,09:22:09,5.15,200,90000
20240201,09:22:32,5.2,50,90000
20240201,09:22:40,5.15,600,90000
20240201,09:22:50,5.2,2650,90000
20240201,09:23:00,5.15,1350,90000
20240201,09:23:11,5.0,250,90000
20240201,09:23:20,5.2,100,90000
20240201,09:23:31,5.15,600,92150
20240201,09:23:51,5.1,50,92150
20240201,09:24:02,5.15,50,92150
20240201,09:24:39,5.15,50,92150
20240201,09:24:48,5.1,400,92150
20240201,09:25:05,5.1,450,92150
20240201,09:25:33,5.15,250,92150
20240201,09:25:57,5.15,50,92150
20240201,09:26:06,5.15,150,92150
20240201,09:26:15,5.05,250,92150
20240201,09:26:24,5.15,750,92150
20240201,09:26:42,5.15,900,93600
20240201,09:27:18,5.15,100,93600
20240201,09:27:26,5.15,950,93600
20240201,09:27:35,5.15,150,93600
20240201,09:28:19,5.1,750,93600
20240201,09:28:29,5.05,1100,93600
20240201,09:28:47,4.95,350,93600
20240201,09:29:14,4.85,200,93600
20240201,09:29:24,4.85,600,93600
20240201,09:29:33,4.85,50,94750
20240201,09:29:42,4.8,100,94750
20240201,09:30:00,4.7,300,94750
20240201,09:30:18,4.7,50,94750
20240201,09:30:35,4.7,50,94750
20240201,09:30:44,4.7,100,94750
20240201,09:30:53,4.7,250,94750
20240201,09:31:11,4.75,100,94750
20240201,09:31:19,4.7,550,94750
20240201,09:31:28,4.65,200,94750
20240201,09:31:45,4.65,800,94750
20240201,09:31:54,4.65,450,94750
20240201,09:32:03,4.7,50,94750
20240201,09:32:21,4.7,150,94750
20240201,09:32:30,4.75,600,94750
20240201,09:32:57,4.75,100,94450
20240201,09:33:16,4.8,100,94450
20240201,09:34:01,4.75,50,94450
20240201,09:34:35,4.75,50,94450
20240201,09:35:55,4.6,1800,94600
20240201,09:36:12,4.6,100,94600
20240201,09:37:25,4.6,50,94600
20240201,09:38:04,4.6,50,94600
20240201,09:38:22,4.55,350,94600
20240201,09:39:02,4.6,100,95300
20240201,09:39:42,4.6,50,95300
20240201,09:40:07,4.55,100,95300
20240201,09:40:16,4.6,100,95300
20240201,09:40:34,4.5,50,95300
20240201,09:41:01,4.55,50,95300
20240201,09:41:26,4.5,200,95300
20240201,09:41:33,4.5,400,95150
20240201,09:41:40,4.55,100,95150
20240201,09:42:10,4.35,200,95150
20240201,09:42:25,4.4,1200,95150
20240201,09:42:32,4.5,200,95150
20240201,09:42:40,4.4,200,95150
20240201,09:42:57,4.45,300,95150
20240201,09:43:05,4.4,700,95150
20240201,09:44:05,4.45,50,95150
20240201,09:44:44,4.4,1350,94900
20240201,09:45:16,4.3,650,94900
20240201,09:45:24,4.25,1200,94900
20240201,09:45:31,4.2,450,94900
20240201,09:45:40,4.15,1100,94900
20240201,09:45:47,4.1,1250,94900
20240201,09:45:55,4.05,2800,94900
20240201,09:46:04,4.05,500,94900
20240201,09:46:22,4.1,400,94900
20240201,09:46:38,4.05,450,94900
20240201,09:46:46,4.1,100,94900
20240201,09:46:54,4.05,1800,94900
20240201,09:47:35,4.1,50,104450
20240201,09:47:52,4.05,1100,104450
20240201,09:47:59,4.15,1350,104450
20240201,09:48:06,4.2,200,104450
20240201,09:48:21,4.2,600,104450
20240201,09:48:37,4.2,150,104450
20240201,09:49:02,4.25,500,104450
20240201,09:49:39,4.3,450,104450
20240201,09:50:22,4.25,200,104450
20240201,09:50:30,4.3,300,103500
20240201,09:50:37,4.3,100,103500
20240201,09:50:45,4.3,450,103500
20240201,09:50:52,4.3,300,103500
20240201,09:51:00,4.25,450,103500
20240201,09:51:09,4.3,200,103500
20240201,09:51:17,4.3,150,103500
20240201,09:51:32,4.3,150,103500
20240201,09:51:40,4.25,1050,103500
20240201,09:52:29,4.25,800,103500
20240201,09:52:43,4.3,50,103500
20240201,09:52:50,4.3,50,103500
20240201,09:52:57,4.2,50,103500
20240201,09:53:25,4.3,200,103500
20240201,09:54:32,4.25,350,104450
20240201,09:54:40,4.2,50,104450
20240201,09:54:55,4.25,100,104450
20240201,09:55:02,4.25,150,104450
20240201,09:55:18,4.25,200,104450
20240201,09:55:25,4.25,400,104450
20240201,09:55:54,4.3,200,104450
20240201,09:56:16,4.3,200,104450
20240201,09:56:45,4.2,250,104950
20240201,09:57:02,4.15,100,104950
20240201,09:57:18,4.1,100,104950
20240201,09:57:33,4.1,250,104950
20240201,09:57:48,4.0,250,104950
20240201,09:57:56,4.05,100,104950
20240201,09:58:04,4.2,3800,104950
20240201,09:58:11,4.2,4250,104950
20240201,09:58:19,4.3,2600,104950
20240201,09:58:33,4.3,1300,104950
20240201,09:58:40,4.35,1800,104950
20240201,09:58:47,4.35,700,104950
20240201,09:59:19,4.35,100,104950
20240201,10:00:49,4.25,100,96550
20240201,10:01:49,4.25,50,96550
20240201,10:01:56,4.2,250,96550
20240201,10:02:02,4.2,1250,96550
20240201,10:02:17,4.25,250,96550
20240201,10:02:30,4.35,300,96550
20240201,10:02:36,4.3,250,94700
20240201,10:02:43,4.35,50,94700
20240201,10:03:02,4.35,50,94700
20240201,10:03:24,4.35,100,94700
20240201,10:03:48,4.35,50,94700
20240201,10:04:00,4.35,100,94700
20240201,10:04:06,4.3,50,94700
20240201,10:04:18,4.3,50,94700
20240201,10:05:10,4.45,1800,94700
20240201,10:05:38,4.45,6100,96100
20240201,10:06:23,4.55,6000,96100
20240201,10:06:39,4.4,350,96100
20240201,10:06:45,4.5,150,96100
20240201,10:07:14,4.4,100,96100
20240201,10:08:26,4.45,450,96100
20240201,10:08:35,4.4,50,96100
20240201,10:08:59,4.35,1050,102050
20240201,10:09:08,4.35,300,102050
20240201,10:09:25,4.3,50,102050
20240201,10:09:34,4.4,5800,102050
20240201,10:09:59,4.35,50,102050
20240201,10:10:14,4.25,50,102050
20240201,10:10:50,4.3,200,102050
20240201,10:12:22,4.3,300,106650
20240201,10:12:29,4.35,100,106650
20240201,10:12:37,4.4,750,106650
20240201,10:12:44,4.4,250,106650
20240201,10:12:51,4.4,50,106650
20240201,10:12:57,4.4,50,106650
20240201,10:13:32,4.4,250,106650
20240201,10:13:47,4.4,150,106650
20240201,10:14:11,4.4,150,106650
20240201,10:14:30,4.4,150,106650
20240201,10:14:36,4.4,450,104750
20240201,10:14:42,4.4,100,104750
20240201,10:15:14,4.45,200,104750
20240201,10:15:33,4.4,400,104750
20240201,10:15:40,4.45,150,104750
20240201,10:16:07,4.4,500,104750
20240201,10:16:13,4.4,300,104750
20240201,10:16:21,4.4,100,104750
20240201,10:16:29,4.45,550,104750
20240201,10:16:37,4.4,150,104750
20240201,10:16:44,4.4,150,104750
20240201,10:16:58,4.35,200,104750
20240201,10:17:12,4.4,650,104750
20240201,10:17:24,4.4,50,104750
20240201,10:17:51,4.4,200,102800
20240201,10:18:06,4.4,100,102800
20240201,10:18:25,4.4,100,102800
20240201,10:18:43,4.35,150,102800
20240201,10:19:00,4.45,150,102800
20240201,10:19:18,4.45,1400,102800
20240201,10:19:24,4.4,50,102800
20240201,10:20:16,4.5,550,102800
20240201,10:20:34,4.5,150,102100
20240201,10:20:40,4.5,200,102100
20240201,10:20:52,4.5,50,102100
20240201,10:21:49,4.45,50,102100
20240201,10:23:27,4.5,150,102100
20240201,10:24:46,4.6,100,102350
20240201,10:26:43,4.45,700,102300
20240201,10:26:51,4.6,1700,102300
20240201,10:26:59,4.5,50,102300
20240201,10:28:38,4.45,50,102300
20240201,10:31:09,4.4,250,103150
20240201,10:31:32,4.4,250,103150
20240201,10:31:49,4.5,250,103150
20240201,10:31:56,4.5,50,103150
20240201,10:32:13,4.45,50,103150
20240201,10:32:29,4.5,50,103150
20240201,10:33:08,4.45,50,103150
20240201,10:33:26,4.5,100,103150
20240201,10:34:45,4.55,50,103150
20240201,10:35:54,4.6,300,103200
20240201,10:36:59,4.55,350,103200
20240201,10:37:16,4.55,50,103200
20240201,10:38:20,4.55,300,103200
20240201,10:40:10,4.5,100,103450
20240201,10:40:34,4.5,50,103450
20240201,10:40:43,4.55,1800,103450
20240201,10:40:52,4.55,100,103450
20240201,10:41:08,4.5,650,103450
20240201,10:41:16,4.45,1900,103450
20240201,10:41:25,4.4,100,103450
20240201,10:41:48,4.35,100,102900
20240201,10:41:56,4.4,700,102900
20240201,10:42:20,4.4,50,102900
20240201,10:42:52,4.3,350,102900
20240201,10:44:09,4.4,1500,102900
20240201,10:44:39,4.35,1000,102900
20240201,10:45:25,4.45,50,103000
20240201,10:45:48,4.45,200,103000
20240201,10:46:59,4.35,50,103000
20240201,10:47:07,4.4,250,103000
20240201,10:51:17,4.5,100,103200
20240201,10:52:59,4.45,400,103200
20240201,10:54:01,4.5,250,103250
20240201,10:54:26,4.45,300,103250
20240201,10:56:33,4.5,400,103250
20240201,10:56:39,4.5,100,103250
20240201,10:56:45,4.5,100,103150
20240201,10:57:08,4.55,50,103150
20240201,10:57:53,4.55,100,103150
20240201,11:02:43,4.55,50,103150
20240201,11:02:52,4.6,750,103150
20240201,11:03:30,4.5,50,103150
20240201,11:03:46,4.5,50,103150
20240201,11:03:53,4.5,50,103150
20240201,11:04:52,4.55,100,103150
20240201,11:05:35,4.75,900,103150
20240201,11:07:14,4.85,100,103600
20240201,11:07:36,4.9,50,103600
20240201,11:07:56,4.9,300,103600
20240201,11:08:03,4.95,1900,103600
20240201,11:08:10,4.85,50,103600
20240201,11:10:03,4.85,250,105350
20240201,11:10:42,4.85,450,105350
20240201,11:10:59,4.85,1550,105350
20240201,11:11:16,4.85,100,105350
20240201,11:11:37,4.75,700,105350
20240201,11:12:21,4.9,50,104600
20240201,11:12:50,4.8,300,104600
20240201,11:12:56,4.85,200,104600
20240201,11:14:18,4.85,150,104600
20240201,11:15:01,4.8,200,104550
20240201,11:15:06,4.8,550,104550
20240201,11:15:11,4.8,200,104550
20240201,11:15:30,4.8,200,104550
20240201,11:15:34,4.8,500,104550
20240201,11:15:40,4.8,200,104550
20240201,11:15:45,4.8,200,104550
20240201,11:15:57,4.85,650,104550
20240201,11:16:03,4.85,150,104550
20240201,11:16:08,4.8,50,104550
20240201,11:16:46,4.9,50,104550
20240201,11:16:56,4.85,750,104550
20240201,11:17:04,5.0,600,104550
20240201,11:17:12,5.05,250,104550
20240201,11:17:22,5.1,1300,104550
20240201,11:17:31,5.35,6000,104550
20240201,11:17:40,5.45,1500,104550
20240201,11:17:48,5.5,1200,106850
20240201,11:17:56,5.35,700,106850
20240201,11:18:05,5.35,1750,106850
20240201,11:18:14,5.45,6050,106850
20240201,11:18:23,5.55,18600,106850
20240201,11:18:31,5.45,5750,106850
20240201,11:18:40,5.4,2600,106850
20240201,11:18:49,5.5,1750,106850
20240201,11:18:58,5.35,500,106850
20240201,11:19:07,5.45,900,106850
20240201,11:19:15,5.35,600,106850
20240201,11:19:24,5.35,1450,106850
20240201,11:19:33,5.5,1150,106850
20240201,11:19:41,5.5,1150,106850
20240201,11:19:49,5.55,800,106850
20240201,11:19:57,5.5,250,106850
20240201,11:20:05,5.5,350,106850
20240201,11:20:13,5.45,650,106850
20240201,11:20:31,5.5,650,106850
20240201,11:20:39,5.55,550,106850
20240201,11:20:47,5.5,1100,108900
20240201,11:20:55,5.5,400,108900
20240201,11:21:03,5.5,350,108900
20240201,11:21:12,5.45,950,108900
20240201,11:21:29,5.4,800,108900
20240201,11:21:37,5.35,900,108900
20240201,11:21:46,5.2,1550,108900
20240201,11:21:55,5.3,600,108900
20240201,11:22:02,5.35,250,108900
20240201,11:22:18,5.35,350,108900
20240201,11:22:26,5.3,1200,108900
20240201,11:22:34,5.3,500,108900
20240201,11:22:41,5.35,50,108900
20240201,11:22:48,5.35,50,108900
20240201,11:22:55,5.35,250,108900
20240201,11:23:03,5.35,50,108900
20240201,11:23:10,5.35,350,108900
20240201,11:23:25,5.35,400,108900
20240201,11:23:33,5.3,50,108900
20240201,11:23:42,5.3,200,108900
20240201,11:24:05,5.2,250,107700
20240201,11:24:13,5.2,150,107700
20240201,11:24:46,5.2,200,107700
20240201,11:25:01,5.2,150,107700
20240201,11:25:09,5.2,400,107700
20240201,11:25:17,5.15,300,107700
20240201,11:25:25,5.2,300,107700
20240201,11:25:34,5.25,1200,107700
20240201,11:25:42,5.15,50,107700
20240201,11:25:49,5.2,150,107700
20240201,11:26:36,5.15,100,107700
20240201,11:26:43,5.25,300,107700
20240201,11:26:51,5.25,800,107050
20240201,11:26:59,5.4,700,107050
20240201,11:27:07,5.4,400,107050
20240201,11:27:14,5.4,100,107050
20240201,11:27:43,5.35,150,107050
20240201,11:28:08,5.25,250,107050
20240201,11:28:33,5.15,50,107050
20240201,11:28:48,5.25,400,107050
20240201,11:29:04,5.25,550,107050
20240201,11:29:11,5.2,300,107050
20240201,11:29:19,5.2,200,107050
20240201,11:29:32,5.15,600,107050
20240201,11:29:53,5.25,50,108500
20240201,11:30:00,5.2,400,108500
20240201,11:30:31,5.2,150,108500
20240201,11:30:38,5.25,150,108500
20240201,11:31:01,5.2,150,108500
20240201,11:31:09,5.15,50,108500
20240201,11:31:16,5.1,350,108500
20240201,11:31:23,5.15,200,108500
20240201,11:31:30,5.1,150,108500
20240201,11:31:51,5.1,150,108500
20240201,11:32:06,5.05,200,108500
20240201,11:32:13,5.05,250,108500
20240201,11:32:27,5.0,250,108500
20240201,11:32:33,5.1,650,108500
20240201,11:32:41,5.05,50,108500
20240201,11:32:54,5.0,100,107350
20240201,11:33:01,5.05,200,107350
20240201,11:33:30,5.1,200,107350
20240201,11:33:44,5.0,100,107350
20240201,11:33:57,5.05,150,107350
20240201,11:34:20,5.1,250,107350
20240201,11:34:28,5.05,50,107350
20240201,11:35:18,4.95,1500,107350
20240201,11:35:32,5.05,450,107350
20240201,11:35:46,5.05,500,106400
20240201,11:35:53,5.0,900,106400
20240201,11:35:59,4.95,400,106400
20240201,11:36:13,4.95,300,106400
20240201,11:36:25,4.9,100,106400
20240201,11:36:40,4.9,1200,106400
20240201,11:37:02,4.85,250,106400
20240201,11:37:42,4.8,300,106400
20240201,11:37:50,4.75,100,106400
20240201,11:37:59,4.75,200,106400
20240201,11:38:07,4.95,300,106400
20240201,11:38:32,4.75,50,106400
20240201,11:38:40,4.8,600,106400
20240201,11:38:47,4.75,250,106100
20240201,11:38:54,4.75,850,106100
20240201,11:39:02,4.85,400,106100
20240201,11:39:09,4.8,650,106100
20240201,11:39:25,4.85,400,106100
20240201,11:39:40,4.85,400,106100
20240201,11:39:55,4.75,100,106100
20240201,11:40:09,4.7,150,106100
20240201,11:41:16,4.7,150,106100
20240201,11:41:58,4.7,50,105200
20240201,11:42:12,4.75,50,105200
20240201,11:42:19,4.75,200,105200
20240201,11:42:26,4.75,700,105200
20240201,11:42:54,4.85,600,105200
20240201,11:43:02,4.8,100,105200
20240201,11:43:17,4.75,50,105200
20240201,11:44:22,4.75,50,105200
20240201,11:44:53,4.8,50,104300
20240201,11:45:00,4.75,750,104300
20240201,11:45:27,4.75,50,104300
20240201,11:45:40,4.8,2450,104300
20240201,11:46:05,4.75,250,104300
20240201,11:46:12,4.8,200,104300
20240201,11:46:24,4.8,350,104300
20240201,11:46:30,4.85,200,104300
20240201,11:46:50,4.85,200,104300
20240201,11:47:07,4.85,600,104300
20240201,11:47:21,4.85,400,104300
20240201,11:47:28,4.75,350,104300
20240201,11:48:08,4.8,600,105350
20240201,11:49:02,4.75,50,105350
20240201,11:49:09,4.75,50,105350
20240201,11:50:01,4.75,100,105350
20240201,11:50:16,4.7,250,105350
20240201,11:50:33,4.6,800,105350
20240201,11:51:06,4.6,4300,105800
20240201,11:51:13,4.6,400,105800
20240201,11:51:21,4.6,450,105800
20240201,11:51:38,4.6,100,105800
20240201,11:51:45,4.6,100,105800
20240201,11:52:07,4.6,100,105800
20240201,11:52:14,4.6,250,105800
20240201,11:52:46,4.55,550,105800
20240201,11:53:43,4.45,50,105800
20240201,11:53:51,4.45,350,109200
20240201,11:54:00,4.45,500,109200
20240201,11:54:16,4.4,400,109200
20240201,11:54:24,4.45,300,109200
20240201,11:54:46,4.5,150,109200
20240201,11:54:53,4.5,100,109200
20240201,11:55:08,4.25,1250,109200
20240201,11:55:15,4.25,1300,109200
20240201,11:55:23,4.25,900,109200
20240201,11:55:30,4.3,500,109200
20240201,11:55:39,4.3,50,109200
20240201,11:55:47,4.25,4300,109200
20240201,11:56:02,4.2,100,109200
20240201,11:56:24,4.15,2950,109200
20240201,11:56:32,4.15,100,109200
20240201,11:56:41,4.15,1350,109200
20240201,11:56:48,4.2,1950,109200
20240201,11:56:56,4.2,850,107150
20240201,11:57:04,4.25,900,107150
20240201,11:57:12,4.2,50,107150
20240201,11:57:20,4.25,250,107150
20240201,11:57:51,4.1,400,107150
20240201,11:58:12,4.1,450,107150
20240201,11:58:27,4.1,400,107150
20240201,11:58:35,4.0,2150,107150
20240201,11:58:44,4.05,200,107150
20240201,11:58:52,4.1,2150,107150
20240201,11:59:00,4.1,550,107150
20240201,11:59:08,4.05,50,107150
20240201,11:59:29,4.05,550,107150
20240201,11:59:37,4.1,50,107150
20240201,11:59:44,4.0,300,107150
20240201,11:59:52,4.0,200,107150
20240201,12:00:00,3.95,100,109050
20240201,12:00:17,3.9,250,109050
20240201,12:00:24,3.95,850,109050
20240201,12:00:33,3.9,200,109050
20240201,12:00:41,3.85,100,109050
20240201,12:00:48,3.85,200,109050
20240201,12:00:56,3.8,550,109050
20240201,12:01:04,3.7,2000,109050
20240201,12:01:11,3.7,300,109050
20240201,12:01:26,3.7,100,109050
20240201,12:01:41,3.55,3700,109050
20240201,12:01:49,3.6,950,109050
20240201,12:01:57,3.6,750,109050
20240201,12:02:05,3.55,200,109050
20240201,12:02:13,3.5,550,109050
20240201,12:02:21,3.5,250,109050
20240201,12:02:29,3.4,1350,109050
20240201,12:02:37,3.35,450,109050
20240201,12:02:45,3.35,100,109050
20240201,12:02:54,3.4,50,108750
20240201,12:03:02,3.4,100,108750
20240201,12:03:11,3.4,4450,108750
20240201,12:03:18,3.35,1100,108750
20240201,12:03:27,3.3,3350,108750
20240201,12:03:36,3.25,1100,108750
20240201,12:03:45,3.35,1250,108750
20240201,12:03:56,3.35,1150,108750
20240201,12:04:06,3.35,1000,108750
20240201,12:04:15,3.2,7000,108750
20240201,12:04:25,3.3,950,108750
20240201,12:04:34,3.3,1750,108750
20240201,12:04:44,3.3,1000,108750
20240201,12:04:54,3.2,700,108750
20240201,12:05:03,3.3,1700,108750
20240201,12:05:12,3.3,600,108750
20240201,12:05:31,3.2,1550,108750
20240201,12:05:50,3.15,750,108750
20240201,12:05:59,2.95,1450,115100
20240201,12:06:45,2.9,1950,115100
20240201,12:06:54,2.9,100,115100
20240201,12:07:04,2.8,50,115100
20240201,12:07:14,2.75,1950,115100
20240201,12:07:33,2.7,200,115100
20240201,12:07:43,2.65,1650,115100
20240201,12:08:02,2.5,450,115100
20240201,12:08:12,2.5,2200,115100
20240201,12:08:21,2.45,6100,115100
20240201,12:08:39,2.5,300,115100
20240201,12:09:04,2.5,50,115700
20240201,12:09:13,2.5,50,115700
20240201,12:09:41,2.5,3800,115700
20240201,12:09:49,2.45,850,115700
20240201,12:10:06,2.45,400,115700
20240201,12:10:15,2.4,1550,115700
20240201,12:10:34,2.35,300,115700
20240201,12:10:43,2.3,4600,115700
20240201,12:10:51,2.4,250,115700
20240201,12:11:20,2.4,500,115700
20240201,12:11:29,2.35,1300,115700
20240201,12:11:38,2.35,800,115700
20240201,12:11:48,2.4,2000,115700
20240201,12:11:57,2.35,1850,115150
20240201,12:12:07,2.35,200,115150
20240201,12:12:16,2.35,100,115150
20240201,12:12:43,2.35,400,115150
20240201,12:13:03,2.3,1850,115150
20240201,12:13:13,2.25,1650,115150
20240201,12:13:33,2.25,500,115150
20240201,12:13:42,2.25,450,115150
20240201,12:13:52,2.3,500,115150
20240201,12:14:11,2.3,250,115150
20240201,12:14:21,2.4,8550,115150
20240201,12:14:40,2.4,1050,115150
20240201,12:14:49,2.45,1400,115150
20240201,12:14:59,2.45,200,120800
20240201,12:15:08,2.45,300,120800
20240201,12:15:25,2.4,1800,120800
20240201,12:15:34,2.4,1850,120800
20240201,12:15:43,2.45,600,120800
20240201,12:16:02,2.4,50,120800
20240201,12:16:11,2.4,50,120800
20240201,12:16:21,2.4,150,120800
20240201,12:16:30,2.4,50,120800
20240201,12:16:39,2.4,50,120800
20240201,12:16:49,2.4,50,120800
20240201,12:17:26,2.3,5450,120800
20240201,12:17:35,2.3,1100,120800
20240201,12:17:44,2.3,600,120800
20240201,12:17:52,2.3,600,120800
20240201,12:18:01,2.3,300,127050
20240201,12:18:19,2.3,1450,127050
20240201,12:20:15,2.35,600,127050
20240201,12:20:34,2.4,350,127050
20240201,12:21:17,2.4,200,128750
20240201,12:21:26,2.4,50,128750
20240201,12:21:35,2.45,200,128750
20240201,12:22:19,2.45,2500,128750
20240201,12:23:04,2.5,50,128750
20240201,12:23:14,2.5,1850,128750
20240201,12:23:22,2.35,1200,128750
20240201,12:23:31,2.45,250,128750
20240201,12:23:49,2.5,650,128750
20240201,12:23:57,2.5,300,129400
20240201,12:24:06,2.55,1600,129400
20240201,12:24:14,2.6,300,129400
20240201,12:24:23,2.55,150,129400
20240201,12:25:22,2.5,150,129400
20240201,12:25:30,2.5,300,129400
20240201,12:25:56,2.45,200,129400
20240201,12:26:13,2.5,350,129400
20240201,12:26:29,2.4,100,129400
20240201,12:26:37,2.35,3750,129400
20240201,12:26:46,2.35,300,129400
20240201,12:27:05,2.4,7650,133350
20240201,12:27:24,2.4,350,133350
20240201,12:27:51,2.35,1500,133350
20240201,12:28:26,2.35,1800,133350
20240201,12:28:34,2.35,250,133350
20240201,12:29:17,2.4,50,133350
20240201,12:29:34,2.45,400,133350
20240201,12:29:44,2.5,250,133350
20240201,12:30:49,2.45,400,139750
20240201,12:31:16,2.5,50,139750
20240201,12:31:57,2.55,300,139750
20240201,12:32:41,2.55,950,139750
20240201,12:33:26,2.55,50,140500
20240201,12:33:42,2.55,1000,140500
20240201,12:34:07,2.45,300,140500
20240201,12:34:17,2.45,150,140500
20240201,12:34:53,2.4,50,140500
20240201,12:35:10,2.45,650,140500
20240201,12:35:18,2.5,500,140500
20240201,12:35:26,2.5,350,140500
20240201,12:36:18,2.5,50,141250
20240201,12:37:51,2.45,150,141250
20240201,12:38:00,2.5,50,141250
20240201,12:38:34,2.4,200,141250
20240201,12:38:43,2.4,350,141250
20240201,12:38:52,2.4,600,141250
20240201,12:39:00,2.4,200,141000
20240201,12:39:17,2.4,300,141000
20240201,12:39:25,2.4,50,141000
20240201,12:40:14,2.4,100,141000
20240201,12:40:32,2.35,400,141000
20240201,12:41:33,2.4,900,141000
20240201,12:41:58,2.45,200,140500
20240201,12:42:46,2.5,100,140500
20240201,12:44:12,2.4,250,140500
20240201,12:45:38,2.4,150,140450
20240201,12:45:55,2.4,50,140450
20240201,12:46:29,2.35,250,140450
20240201,12:46:38,2.35,600,140450
20240201,12:47:11,2.4,50,140450
20240201,12:48:12,2.35,850,140250
20240201,12:48:22,2.35,900,140250
20240201,12:49:19,2.35,250,140250
20240201,12:49:39,2.35,750,140250
20240201,12:50:09,2.35,500,140250
20240201,12:50:20,2.35,400,140250
20240201,12:50:39,2.35,500,140250
20240201,12:52:47,2.3,250,140900
20240201,12:52:56,2.35,50,140900
20240201,12:53:06,2.35,1200,140900
20240201,12:54:50,2.3,5000,142300
20240201,12:55:01,2.3,1500,142300
20240201,12:55:22,2.25,6950,142300
20240201,12:55:42,2.25,1850,142300
20240201,12:56:37,2.25,2100,142300
20240201,12:56:46,2.3,350,142300
20240201,12:57:03,2.25,200,156450
20240201,12:57:28,2.25,1000,156450
20240201,12:57:38,2.25,2000,156450
20240201,12:58:26,2.3,3150,156450
20240201,12:58:35,2.3,2000,156450
20240201,12:58:44,2.3,3650,156450
20240201,12:58:53,2.3,4900,156450
20240201,12:59:10,2.3,500,156450
20240201,12:59:18,2.3,5300,156450
20240201,12:59:27,2.3,1700,156450
20240201,13:00:01,2.25,850,175800
20240201,13:00:18,2.25,450,175800
20240201,13:00:44,2.25,50,175800
20240201,13:00:53,2.3,100,175800
20240201,13:01:13,2.25,100,175800
20240201,13:01:22,2.25,50,175800
20240201,13:01:45,2.25,1200,175800
20240201,13:01:53,2.25,100,175800
20240201,13:02:02,2.25,100,175800
20240201,13:02:11,2.25,400,175800
20240201,13:02:21,2.25,1200,175800
20240201,13:02:30,2.2,150,175800
20240201,13:02:39,2.2,700,175800
20240201,13:03:04,2.25,1100,178100
20240201,13:03:21,2.25,50,178100
20240201,13:04:45,2.3,1150,178100
20240201,13:04:53,2.2,1800,178100
20240201,13:05:33,2.1,450,178100
20240201,13:05:42,2.15,450,178100
20240201,13:05:59,2.15,250,178100
20240201,13:06:46,2.15,200,180300
20240201,13:07:09,2.15,1150,180300
20240201,13:08:42,2.15,50,180300
20240201,13:09:29,2.15,1100,181450
20240201,13:09:37,2.15,1800,181450
20240201,13:10:25,2.15,2250,181450
20240201,13:10:33,2.2,1800,181450
20240201,13:11:40,2.2,250,181450
20240201,13:11:49,2.2,900,181450
20240201,13:13:30,2.2,750,185150
20240201,13:13:52,2.2,500,185150
20240201,13:14:07,2.2,4300,185150
20240201,13:14:14,2.2,1900,185150
20240201,13:14:29,2.2,500,185150
20240201,13:14:51,2.2,1300,185150
20240201,13:15:24,2.2,250,189000
20240201,13:16:13,2.2,250,189000
20240201,13:17:48,2.15,100,189000
20240201,13:18:53,2.15,100,189100
20240201,13:19:58,2.15,400,189100
20240201,13:20:06,2.15,150,189100
20240201,13:20:15,2.15,7250,189100
20240201,13:20:23,2.15,50,189100
20240201,13:21:08,2.15,900,194200
20240201,13:22:30,2.15,100,194200
20240201,13:22:37,2.15,200,194200
20240201,13:23:06,2.1,150,194200
20240201,13:23:30,2.15,200,194200
20240201,13:24:25,2.15,2200,194650
20240201,13:24:33,2.15,600,194650
20240201,13:26:25,2.15,1200,194650
20240201,13:28:24,2.1,1000,195050
20240201,13:29:03,2.15,1100,195050
20240201,13:29:11,2.1,100,195050
20240201,13:29:41,2.1,1850,195050
20240201,13:29:47,2.1,100,195050
20240201,13:29:55,2.1,2200,195050
20240201,13:30:16,2.1,1750,198000
20240201,13:31:11,2.15,3600,198000
20240201,13:31:35,2.15,1100,198000
20240201,13:31:43,2.1,250,198000
20240201,13:31:51,2.15,2200,198000
20240201,13:31:59,2.15,100,198000
20240201,13:32:15,2.1,550,198000
20240201,13:32:22,2.15,1900,198000
20240201,13:33:12,2.15,1250,203400
20240201,13:34:00,2.25,50,203400
20240201,13:34:15,2.2,50,203400
20240201,13:34:23,2.2,50,203400
20240201,13:34:30,2.2,50,203400
20240201,13:34:52,2.2,1800,203400
20240201,13:35:54,2.15,800,203400
20240201,13:36:53,2.2,50,202400
20240201,13:38:49,2.3,2450,202400
20240201,13:40:07,2.25,300,204100
20240201,13:40:14,2.25,100,204100
20240201,13:40:21,2.25,3800,204100
20240201,13:40:27,2.2,1650,204100
20240201,13:40:59,2.2,100,204100
20240201,13:41:22,2.25,1850,204100
20240201,13:41:43,2.25,1850,204100
20240201,13:42:00,2.3,1900,204100
20240201,13:42:15,2.25,1200,209850
20240201,13:42:32,2.25,2150,209850
20240201,13:42:40,2.25,2300,209850
20240201,13:43:03,2.25,400,209850
20240201,13:43:47,2.3,950,209850
20240201,13:44:22,2.3,2300,209850
20240201,13:44:29,2.3,50,209850
20240201,13:44:43,2.3,3600,209850
20240201,13:44:50,2.3,3600,209850
20240201,13:45:03,2.3,600,209850
20240201,13:45:32,2.25,500,216700
20240201,13:46:25,2.25,650,216700
20240201,13:46:33,2.25,1000,216700
20240201,13:46:52,2.25,50,216700
20240201,13:47:13,2.25,3650,216700
20240201,13:48:32,2.2,100,219150
20240201,13:49:44,2.2,2750,219150
20240201,13:49:51,2.25,900,219150
20240201,13:50:05,2.25,3800,219150
20240201,13:50:39,2.25,4050,219150
20240201,13:50:45,2.25,150,219150
20240201,13:50:59,2.25,150,219150
20240201,13:51:06,2.25,150,219150
20240201,13:52:07,2.25,50,224650
20240201,13:53:32,2.2,1800,224650
20240201,13:54:31,2.2,1800,225900
20240201,13:55:00,2.15,300,225900
20240201,13:55:07,2.15,1300,225900
20240201,13:55:14,2.2,50,225900
20240201,13:55:21,2.2,50,225900
20240201,13:55:29,2.2,2150,225900
20240201,13:56:31,2.2,3300,225900
20240201,13:57:08,2.2,50,227350
20240201,13:57:15,2.15,200,227350
20240201,13:57:51,2.15,4050,227350
20240201,13:57:58,2.1,500,227350
20240201,13:58:05,2.15,800,227350
20240201,13:58:20,2.15,500,227350
20240201,13:58:27,2.15,850,227350
20240201,13:58:35,2.15,500,227350
20240201,13:58:57,2.15,50,227350
20240201,13:59:05,2.15,500,227350
20240201,13:59:13,2.2,100,227350
20240201,13:59:28,2.2,2450,227350
20240201,13:59:36,2.15,50,227350
20240201,14:00:05,2.15,50,227350
20240201,14:00:13,2.15,50,231650
20240201,14:00:35,2.15,100,231650
20240201,14:01:50,2.15,200,231650
20240201,14:02:30,2.15,500,231650
20240201,14:03:21,2.15,150,231800
20240201,14:04:31,2.15,2450,231800
20240201,14:05:30,2.15,1000,231800
20240201,14:06:05,2.15,1000,231800
20240201,14:06:12,2.15,650,232800
20240201,14:06:19,2.1,550,232800
20240201,14:06:32,2.15,250,232800
20240201,14:07:39,2.15,1850,232800
20240201,14:08:52,2.1,250,232800
20240201,14:11:21,2.1,50,235200
20240201,14:12:19,2.1,100,235200
20240201,14:12:52,2.1,1050,235200
20240201,14:13:26,2.15,50,235200
20240201,14:14:03,2.2,200,235200
20240201,14:16:00,2.2,5000,235250
20240201,14:16:07,2.2,1600,235250
20240201,14:16:13,2.2,50,235250
20240201,14:16:21,2.15,4250,235250
20240201,14:16:34,2.1,600,235250
20240201,14:16:41,2.1,1200,235250
20240201,14:16:53,2.1,1800,235250
20240201,14:17:01,2.1,900,235250
20240201,14:17:08,2.1,600,235250
20240201,14:17:15,2.15,700,235250
20240201,14:17:35,2.05,1650,235250
20240201,14:17:42,2.15,50,235250
20240201,14:17:48,2.05,1200,235250
20240201,14:17:55,2.15,450,235250
20240201,14:18:01,2.1,400,235250
20240201,14:18:07,2.1,50,235250
20240201,14:18:32,2.1,500,244550
20240201,14:19:15,2.1,300,244550
20240201,14:19:27,2.1,200,244550
20240201,14:19:45,2.05,50,244550
20240201,14:21:12,2.05,50,244850
20240201,14:21:49,2.1,2050,244850
20240201,14:21:55,2.1,950,244850
20240201,14:22:30,2.05,50,244850
20240201,14:23:34,2.05,500,244850
20240201,14:24:27,2.05,250,244750
20240201,14:24:40,2.05,50,244750
20240201,14:25:06,2.1,650,244750
20240201,14:26:02,2.1,1000,244750
20240201,14:26:36,2.05,450,244750
20240201,14:29:17,2.05,1800,246450
20240201,14:29:37,2.05,1800,246450
20240201,14:29:53,2.05,1800,246450
20240201,14:30:57,2.05,50,248250
20240201,14:32:36,2.05,1100,248250
20240201,14:32:54,2.0,2200,248250
20240201,14:34:15,2.0,2250,249300
20240201,14:35:14,2.0,450,249300
20240201,14:37:15,2.0,2800,252000
20240201,14:37:35,2.0,500,252000
20240201,14:37:49,2.0,1000,252000
20240201,14:38:27,2.0,400,252000
20240201,14:38:40,2.0,800,252000
20240201,14:39:30,2.0,1800,255500
20240201,14:39:37,2.0,1800,255500
20240201,14:39:45,2.0,1150,255500
20240201,14:40:06,2.0,450,255500
20240201,14:40:13,1.95,3000,255500
20240201,14:40:19,1.95,300,255500
20240201,14:41:28,1.9,50,255500
20240201,14:41:35,1.9,500,255500
20240201,14:41:42,1.95,200,255500
20240201,14:41:48,1.95,150,255500
20240201,14:42:02,1.95,250,255500
20240201,14:42:21,2.0,4000,260900
20240201,14:42:39,2.0,1400,260900
20240201,14:43:17,1.95,500,260900
20240201,14:45:33,1.85,1800,266800
20240201,14:45:40,1.8,1850,266800
20240201,14:46:41,1.9,4000,266800
20240201,14:46:48,1.95,150,266800
20240201,14:46:55,1.95,250,266800
20240201,14:47:01,1.75,8350,266800
20240201,14:47:09,1.9,50,266800
20240201,14:48:31,1.9,1300,266800
20240201,14:49:04,1.9,50,264550
20240201,14:49:17,1.95,900,264550
20240201,14:49:24,1.95,1200,264550
20240201,14:49:31,1.95,900,264550
20240201,14:50:04,1.9,500,264550
20240201,14:51:52,1.95,600,263950
20240201,14:52:06,1.95,50,263950
20240201,14:52:41,1.95,550,263950
20240201,14:53:31,2.0,3350,263950
20240201,14:53:44,1.95,850,263950
20240201,14:53:50,1.95,400,263950
20240201,14:54:19,1.9,200,263900
20240201,14:54:34,1.95,600,263900
20240201,14:55:06,2.0,1200,263900
20240201,14:55:49,2.0,150,263900
20240201,14:55:56,2.0,2050,263900
20240201,14:56:05,2.0,650,263900
20240201,14:56:12,2.0,150,263900
20240201,14:56:21,1.95,200,263900
20240201,14:56:31,1.9,300,263900
20240201,14:57:00,1.85,200,263900
20240201,14:57:06,1.95,250,263900
20240201,14:57:46,1.95,200,263100
20240201,14:58:03,2.0,100,263100
20240201,14:58:26,1.95,300,263100
20240201,14:58:37,1.95,200,263100
20240201,14:58:43,1.95,250,263100
20240201,14:59:31,1.9,400,263100
20240201,14:59:45,1.95,250,263100
20240201,15:00:44,1.9,450,263500
20240201,15:01:00,1.9,200,263500
20240201,15:01:06,1.9,2000,263500
20240201,15:01:39,1.9,700,263500
20240201,15:01:46,1.9,5250,263500
20240201,15:01:52,1.9,1200,263500
20240201,15:02:35,1.9,300,263500
20240201,15:03:05,1.9,250,263500
20240201,15:03:21,1.95,300,260550
20240201,15:03:43,1.9,300,260550
20240201,15:04:06,1.85,400,260550
20240201,15:04:30,1.9,2550,260550
20240201,15:04:54,1.9,350,260550
20240201,15:05:18,1.9,50,260550
20240201,15:05:33,1.9,2250,260550
20240201,15:05:40,1.85,1200,260550
20240201,15:05:48,1.8,500,260550
20240201,15:05:55,1.85,300,260550
20240201,15:06:09,1.8,1000,260550
20240201,15:06:22,1.85,1950,262950
20240201,15:06:29,1.85,1000,262950
20240201,15:06:37,1.8,1050,262950
20240201,15:06:59,1.9,600,262950
20240201,15:07:21,1.9,400,262950
20240201,15:07:28,1.85,50,262950
20240201,15:07:35,1.9,2800,262950
20240201,15:07:42,1.85,200,262950
20240201,15:07:50,1.9,1800,262950
20240201,15:07:56,1.9,400,262950
20240201,15:08:32,1.95,50,262950
20240201,15:08:56,1.95,800,262950
20240201,15:09:03,1.95,1800,262950
20240201,15:09:11,1.95,400,262950
20240201,15:09:32,1.95,400,259450
20240201,15:09:39,1.9,500,259450
20240201,15:09:46,1.9,1450,259450
20240201,15:09:53,1.9,1200,259450
20240201,15:10:13,1.9,250,259450
20240201,15:10:21,1.85,300,259450
20240201,15:10:28,1.9,250,259450
20240201,15:10:36,1.9,750,259450
20240201,15:11:18,1.9,1550,259450
20240201,15:11:25,1.9,50,259450
20240201,15:11:32,1.9,3250,259450
20240201,15:11:53,1.9,2250,259450
20240201,15:12:00,1.9,3950,259450
20240201,15:12:20,1.85,200,261100
20240201,15:12:27,1.85,200,261100
20240201,15:12:40,1.85,3100,261100
20240201,15:12:48,1.9,2300,261100
20240201,15:12:56,1.85,800,261100
20240201,15:13:03,1.85,2300,261100
20240201,15:13:10,1.85,100,261100
20240201,15:13:17,1.85,500,261100
20240201,15:13:24,1.85,950,261100
20240201,15:13:31,1.85,100,261100
20240201,15:13:38,1.85,100,261100
20240201,15:13:45,1.85,2800,261100
20240201,15:13:52,1.85,1200,261100
20240201,15:14:00,1.85,1400,261100
20240201,15:14:15,1.75,4900,261100
20240201,15:14:31,1.85,250,261100
20240201,15:14:45,1.8,200,261100
20240201,15:15:51,1.75,1500,264050
20240201,15:16:28,1.8,200,264050
20240201,15:16:35,1.8,1800,264050
20240201,15:16:42,1.8,550,264050
20240201,15:16:51,1.8,1450,264050
20240201,15:17:25,1.8,1800,264050
20240201,15:17:33,1.75,400,264050
20240201,15:17:48,1.8,250,264050
20240201,15:17:55,1.75,600,264050
20240201,15:18:02,1.75,1850,264050
20240201,15:18:18,1.75,250,267350
20240201,15:18:26,1.8,2700,267350
20240201,15:18:32,1.75,50,267350
20240201,15:18:39,1.8,400,267350
20240201,15:19:01,1.8,3250,267350
20240201,15:19:38,1.8,1350,267350
20240201,15:19:46,1.85,1800,267350
20240201,15:19:53,1.8,1500,267350
20240201,15:20:00,1.85,1800,267350
20240201,15:20:07,1.85,1800,267350
20240201,15:20:29,1.8,100,267350
20240201,15:20:44,1.8,1800,267350
20240201,15:20:51,1.85,500,267350
20240201,15:21:06,1.8,900,267350
20240201,15:21:59,1.85,2000,271400
20240201,15:22:08,1.85,3050,271400
20240201,15:22:24,1.8,1500,271400
20240201,15:22:32,1.85,2250,271400
20240201,15:22:41,1.9,50,271400
20240201,15:23:27,1.85,150,271400
20240201,15:23:35,1.85,2700,271400
20240201,15:23:42,1.9,1000,271400
20240201,15:23:50,1.9,250,271400
20240201,15:23:58,1.85,50,271400
20240201,15:24:22,1.9,50,271400
20240201,15:25:13,1.9,50,273650
20240201,15:25:32,1.85,1650,273650
20240201,15:25:38,1.85,500,273650
20240201,15:25:44,1.85,1900,273650
20240201,15:25:56,1.85,200,273650
20240201,15:26:01,1.85,200,273650
20240201,15:26:48,1.9,100,273650
20240201,15:27:21,1.85,300,273950
20240201,15:27:27,1.9,1800,273950
20240201,15:27:39,1.85,100,273950
20240201,15:27:52,1.85,2300,273950
20240201,15:27:59,1.9,1650,273950
20240201,15:28:19,1.9,200,273950
20240201,15:28:25,1.9,1750,273950
20240201,15:28:32,1.95,1350,273950
20240201,15:28:46,1.9,1000,273950
20240201,15:28:53,2.0,8700,273950
20240201,15:28:59,1.95,50,273950
20240201,15:29:07,1.95,1750,273950
20240201,15:29:14,1.95,300,273950
20240201,15:29:23,1.9,1750,273950
20240201,15:29:37,2.0,9150,273950
20240201,15:29:44,2.0,4850,273950
20240201,15:29:52,2.1,4500,273950
20240201,15:30:00,2.1,1700,273950
20240202,09:15:01,1.9,1,285700
20240202,09:15:01,1.9,50,285700
20240202,09:15:02,2.0,200,285700
20240202,09:15:03,1.85,350,285700
20240202,09:15:06,2.0,100,285700
20240202,09:15:07,2.0,300,285700
20240202,09:15:08,1.9,150,285700
20240202,09:15:09,1.75,250,285700
20240202,09:15:10,1.85,400,285700
20240202,09:15:11,1.75,850,285700
20240202,09:15:12,1.7,1300,285700
20240202,09:15:14,1.7,550,285700
20240202,09:15:15,1.75,850,285700
20240202,09:15:18,1.65,500,285700
20240202,09:15:21,1.75,650,285700
20240202,09:15:23,1.7,850,285700
20240202,09:15:27,1.75,100,285700
20240202,09:15:33,1.65,850,285700
20240202,09:15:37,1.65,300,285700
20240202,09:15:38,1.65,200,285700
20240202,09:15:39,1.6,800,285700
20240202,09:15:43,1.6,550,285700
20240202,09:15:46,1.65,100,285700
20240202,09:15:47,1.65,950,285700
20240202,09:15:52,1.6,250,285700
20240202,09:16:01,1.6,250,285700
20240202,09:16:02,1.6,1000,285700
20240202,09:16:03,1.6,1000,285700
20240202,09:16:04,1.65,1050,285700
20240202,09:16:11,1.6,300,285700
20240202,09:16:16,1.7,1450,285700
20240202,09:16:17,1.7,200,285700
20240202,09:16:21,1.65,1450,285700
20240202,09:16:25,1.65,50,285700
20240202,09:16:31,1.65,250,285700
20240202,09:16:33,1.65,450,285700
20240202,09:16:45,1.65,250,285700
20240202,09:16:47,1.65,500,285700
20240202,09:16:48,1.65,350,285700
20240202,09:16:50,1.65,150,285700
20240202,09:16:57,1.65,100,285700
20240202,09:16:59,1.7,200,285700
20240202,09:17:02,1.65,1500,285700
20240202,09:17:05,1.7,2450,285700
20240202,09:17:08,1.7,200,285700
20240202,09:17:09,1.7,4750,285700
20240202,09:17:13,1.65,300,286150
20240202,09:17:14,1.65,1000,286150
20240202,09:17:21,1.65,2000,286150
20240202,09:17:26,1.65,50,286150
20240202,09:17:27,1.7,1250,286150
20240202,09:17:28,1.7,1800,286150
20240202,09:17:29,1.7,2350,286150
20240202,09:17:39,1.7,5600,286150
20240202,09:17:41,1.7,100,286150
20240202,09:17:50,1.65,250,286150
20240202,09:17:52,1.7,1000,286150
20240202,09:17:59,1.65,3300,286150
20240202,09:18:00,1.65,200,286150
20240202,09:18:10,1.65,2550,286150
20240202,09:18:11,1.65,800,286150
20240202,09:18:12,1.65,700,286150
20240202,09:18:13,1.65,1250,286150
20240202,09:18:14,1.65,100,286150
20240202,09:18:19,1.6,100,286150
20240202,09:18:30,1.6,250,286150
20240202,09:18:31,1.6,2750,286150
20240202,09:18:50,1.6,500,286150
20240202,09:18:52,1.55,1500,286150
20240202,09:18:59,1.55,17650,286150
20240202,09:19:00,1.6,1000,286150
20240202,09:19:03,1.6,300,286150
20240202,09:19:17,1.6,5000,286150
20240202,09:19:31,1.65,5800,286150
20240202,09:19:32,1.65,1450,286150
20240202,09:19:34,1.65,250,286150
20240202,09:19:38,1.65,1450,286150
20240202,09:19:49,1.65,50,286150
20240202,09:19:54,1.7,50,286150
20240202,09:19:54,1.65,50,286150
20240202,09:19:59,1.65,1200,286150
20240202,09:19:59,1.65,2600,286150
20240202,09:20:00,1.65,500,286150
20240202,09:20:06,1.65,1500,286150
20240202,09:20:08,1.65,1500,286150
20240202,09:20:09,1.65,1500,286150
20240202,09:20:10,1.65,3000,286150
20240202,09:20:11,1.65,1500,286150
20240202,09:20:26,1.6,150,296650
20240202,09:20:37,1.65,600,296650
20240202,09:20:38,1.65,100,296650
20240202,09:20:41,1.6,50,296650
20240202,09:20:43,1.65,1800,296650
20240202,09:20:44,1.65,3300,296650
20240202,09:20:45,1.65,2150,296650
20240202,09:20:46,1.65,1700,296650
20240202,09:20:47,1.65,6050,296650
20240202,09:20:55,1.65,200,296650
20240202,09:20:57,1.65,450,296650
20240202,09:21:02,1.65,1600,296650
20240202,09:21:46,1.6,50,296650
20240202,09:21:50,1.6,50,296650
20240202,09:22:01,1.6,50,296650
20240202,09:22:32,1.6,200,296650
20240202,09:22:33,1.65,100,296650
20240202,09:23:32,1.65,300,295900
20240202,09:23:33,1.65,10900,295900
20240202,09:23:38,1.65,50,295900
20240202,09:23:50,1.7,1500,295900
20240202,09:23:53,1.7,1000,295900
20240202,09:24:04,1.7,2500,295900
20240202,09:24:04,1.7,2150,295900
20240202,09:24:05,1.7,900,295900
20240202,09:24:09,1.65,50,295900
20240202,09:24:14,1.65,50,295900
20240202,09:24:18,1.65,50,295900
20240202,09:24:22,1.65,50,295900
20240202,09:24:25,1.7,1000,295900
20240202,09:24:59,1.65,50,295900
20240202,09:25:06,1.65,100,295900
20240202,09:25:11,1.65,100,295900
20240202,09:25:24,1.65,50,295900
20240202,09:25:26,1.65,100,295900
20240202,09:25:29,1.65,1250,295900
20240202,09:25:31,1.65,1200,295900
20240202,09:25:34,1.65,1200,295900
20240202,09:26:57,1.7,800,289850
20240202,09:27:14,1.65,150,289850
20240202,09:28:12,1.65,1600,289850
20240202,09:28:13,1.65,400,289850
20240202,09:28:34,1.65,500,289850
20240202,09:28:47,1.65,1000,289850
20240202,09:28:49,1.65,1000,289850
20240202,09:28:50,1.65,500,289850
20240202,09:29:25,1.65,1500,292800
20240202,09:30:02,1.65,50,292800
20240202,09:30:16,1.7,950,292800
20240202,09:31:08,1.7,50,292800
20240202,09:31:33,1.65,50,292800
20240202,09:32:24,1.65,100,292800
20240202,09:34:37,1.7,50,292800
20240202,09:34:56,1.7,550,292800
20240202,09:34:59,1.65,50,292800
20240202,09:35:01,1.7,50,292800
20240202,09:35:01,1.7,550,292800
20240202,09:35:04,1.65,50,292800
20240202,09:35:06,1.7,3600,292800
20240202,09:35:06,1.7,8200,292800
20240202,09:35:08,1.7,9450,292800
20240202,09:35:09,1.7,50,292800
20240202,09:35:13,1.7,300,292800
20240202,09:35:26,1.7,50,279750
20240202,09:35:28,1.7,50,279750
20240202,09:35:42,1.7,5200,279750
20240202,09:35:45,1.7,9350,279750
20240202,09:36:36,1.7,600,279750
20240202,09:37:33,1.65,50,279750
20240202,09:37:46,1.65,50,279750
20240202,09:38:51,1.7,500,284150
20240202,09:39:06,1.7,50,284150
20240202,09:39:45,1.7,50,284150
20240202,09:39:58,1.65,400,284150
20240202,09:40:18,1.65,400,284150
20240202,09:40:49,1.7,300,284150
20240202,09:40:51,1.65,1500,284150
20240202,09:40:55,1.65,1400,284150
20240202,09:41:28,1.75,13900,283350
20240202,09:41:29,1.75,100,283350
20240202,09:41:34,1.7,750,283350
20240202,09:42:07,1.7,600,283350
20240202,09:42:33,1.7,2000,283350
20240202,09:42:36,1.7,1250,283350
20240202,09:42:48,1.7,1800,283350
20240202,09:42:50,1.7,100,283350
20240202,09:42:51,1.7,1950,283350
20240202,09:42:54,1.65,100,283350
20240202,09:42:54,1.7,1800,283350
20240202,09:42:55,1.7,15500,283350
20240202,09:43:11,1.75,250,283350
20240202,09:43:19,1.7,300,283350
20240202,09:43:23,1.75,150,283350
20240202,09:43:24,1.75,500,283350
20240202,09:43:26,1.75,1500,283350
20240202,09:43:27,1.75,500,283350
20240202,09:43:28,1.7,500,283350
20240202,09:43:30,1.75,15900,283350
20240202,09:43:31,1.75,1800,283350
20240202,09:43:33,1.75,1800,283350
20240202,09:43:34,1.75,3700,283350
20240202,09:43:35,1.75,100,283350
20240202,09:43:36,1.75,500,283350
20240202,09:43:47,1.75,300,283350
20240202,09:43:59,1.75,300,283350
20240202,09:44:07,1.8,50,283350
20240202,09:44:12,1.75,1450,283350
20240202,09:44:52,1.75,1800,302250
20240202,09:44:55,1.75,1800,302250
20240202,09:44:56,1.75,2200,302250
20240202,09:44:57,1.75,250,302250
20240202,09:45:02,1.75,500,302250
20240202,09:45:07,1.8,200,302250
20240202,09:45:07,1.8,50,302250
20240202,09:45:44,1.75,1800,302250
20240202,09:45:59,1.75,1400,302250
20240202,09:46:04,1.75,100,302250
20240202,09:47:00,1.8,100,302250
20240202,09:47:07,1.75,50,302250
20240202,09:47:11,1.75,1900,302250
20240202,09:47:12,1.75,2100,302250
20240202,09:47:21,1.75,400,299550
20240202,09:47:28,1.7,100,299550
20240202,09:47:32,1.7,1800,299550
20240202,09:47:35,1.7,1800,299550
20240202,09:47:52,1.7,4650,299550
20240202,09:47:52,1.7,250,299550
20240202,09:47:54,1.7,450,299550
20240202,09:47:58,1.7,850,299550
20240202,09:48:00,1.65,1000,299550
20240202,09:48:12,1.65,3850,299550
20240202,09:48:13,1.65,15550,299550
20240202,09:48:17,1.7,1800,299550
20240202,09:48:18,1.65,5400,299550
20240202,09:48:24,1.7,50,299550
20240202,09:48:34,1.65,2600,299550
20240202,09:48:35,1.65,1400,299550
20240202,09:48:58,1.65,250,299550
20240202,09:49:20,1.65,2800,299550
20240202,09:49:23,1.65,3600,299550
20240202,09:49:37,1.65,950,299550
20240202,09:49:43,1.7,1800,299550
20240202,09:49:51,1.65,200,299550
20240202,09:49:57,1.65,200,299550
20240202,09:49:59,1.7,1800,299550
20240202,09:50:00,1.7,1800,299550
20240202,09:50:02,1.7,4600,299550
20240202,09:50:03,1.7,2000,299550
20240202,09:50:04,1.7,600,299550
20240202,09:50:05,1.7,2050,299550
20240202,09:50:27,1.75,1950,299550
20240202,09:50:28,1.75,1800,319400
20240202,09:50:30,1.75,1800,319400
20240202,09:50:31,1.75,1900,319400
20240202,09:50:32,1.8,7350,319400
