date,time,tick_price,volume,open_interest
20240112,09:39:24,26.6,50,50
20240112,11:20:57,26.6,50,50
20240112,11:32:08,27.0,50,100
20240112,11:33:05,27.0,50,150
20240112,13:47:22,27.0,50,150
20240115,11:59:07,39.85,1,100
20240115,11:59:07,39.9,300,100
20240115,11:59:53,29.5,650,100
20240115,12:00:01,29.5,100,100
20240115,12:21:32,31.05,50,850
20240115,12:52:26,28.95,50,850
20240115,12:52:35,28.95,250,850
20240115,12:53:51,29.0,50,850
20240115,12:55:00,28.9,50,900
20240115,12:55:22,28.9,50,900
20240115,13:26:15,28.85,50,900
20240115,14:18:05,28.85,50,950
20240115,14:18:34,32.0,50,950
20240115,14:48:41,34.25,350,950
20240115,15:11:23,34.85,50,1250
20240115,15:18:19,37.0,50,1200
20240115,15:19:36,37.0,250,1250
20240115,15:20:02,37.05,50,1250
20240115,15:20:20,37.05,50,1250
20240115,15:20:29,37.05,50,1250
20240115,15:21:04,37.05,50,1250
20240115,15:23:04,37.05,50,1700
20240115,15:23:13,37.05,100,1700
20240115,15:23:22,37.4,200,1700
20240115,15:24:33,37.5,400,2050
20240115,15:26:11,33.75,50,2050
20240116,09:19:45,37.05,1,2100
20240116,09:19:45,37.05,50,2100
20240116,09:28:52,35.7,50,2150
20240116,12:02:34,35.7,150,2150
20240116,12:18:33,34.6,100,2150
20240117,09:52:40,20.0,1,2200
20240117,09:52:40,20.0,50,2200
20240117,14:39:12,21.1,50,2150
20240118,09:28:24,21.1,1,2150
20240118,09:28:24,21.1,50,2150
20240119,11:39:25,21.1,1,2200
20240119,11:39:25,21.1,100,2200
20240119,13:00:14,21.1,250,2200
20240201,12:09:01,6.0,1,2200
20240201,12:09:01,6.0,350,2200
20240201,12:17:42,6.5,150,1850
20240201,12:17:51,6.55,50,1850
20240201,12:18:00,6.6,350,1650
20240201,12:24:03,6.6,50,1300
20240201,12:29:35,6.6,100,1350
20240201,12:57:13,6.6,50,1450
20240201,13:51:52,6.6,1800,1500
20240201,14:04:00,4.55,500,3300
20240201,14:05:30,4.55,300,3300
20240201,14:05:39,4.8,400,3300
20240201,14:05:47,4.8,400,3300
20240201,14:05:55,4.7,500,3300
20240201,14:06:43,4.7,100,2500
20240201,14:07:13,4.7,200,2500
20240201,14:08:16,4.7,400,2500
20240201,14:23:58,4.5,350,2500
20240201,14:24:31,4.5,50,2700
20240201,14:25:35,4.5,1000,2700
20240201,14:45:43,4.35,300,2550
20240201,14:51:20,4.35,100,2750
20240201,14:53:00,3.3,1800,2850
20240201,14:53:08,3.2,2550,2850
20240201,14:53:16,4.2,600,2850
20240201,14:53:24,4.2,1950,2850
20240201,14:54:45,4.45,1800,6350
20240201,14:54:54,4.6,1800,6350
20240201,14:55:19,4.7,1800,6350
20240201,14:55:27,4.25,2050,6350
20240201,14:55:35,4.25,100,6350
20240201,14:55:43,4.25,100,6350
20240201,14:57:25,4.3,150,9350
20240201,15:01:44,4.7,300,9350
20240201,15:01:52,4.3,350,9350
20240201,15:02:50,4.25,250,9350
20240201,15:02:59,4.25,50,9350
20240201,15:09:34,4.6,950,9300
20240201,15:09:42,4.7,100,9300
20240201,15:12:24,4.55,350,9300
20240201,15:12:32,4.5,200,9300
20240201,15:12:39,4.5,100,9300
20240201,15:12:58,4.5,400,9300
20240201,15:13:07,4.45,1150,9300
20240201,15:13:15,4.45,400,9300
20240201,15:13:23,4.35,1550,9300
20240201,15:13:31,4.4,250,9300
20240201,15:13:47,4.4,600,9300
20240201,15:14:12,4.35,100,9300
20240201,15:14:23,4.35,450,9300
20240201,15:14:59,4.3,700,9300
20240201,15:15:07,4.25,450,9300
20240201,15:15:15,4.25,950,9300
20240201,15:15:32,4.3,200,11450
20240201,15:15:40,4.25,400,11450
20240201,15:15:49,4.25,150,11450
20240201,15:15:58,4.25,250,11450
20240201,15:16:07,4.2,250,11450
20240201,15:16:15,4.25,100,11450
20240201,15:16:31,4.2,150,11450
20240201,15:16:40,4.2,50,11450
20240201,15:16:56,4.15,100,11450
20240201,15:17:05,4.25,100,11450
20240201,15:17:46,4.2,150,11450
20240201,15:18:54,4.25,50,12800
20240201,15:21:17,4.15,150,12800
20240201,15:21:35,4.1,50,12950
20240201,15:22:18,4.1,100,12950
20240201,15:22:50,4.05,100,12950
20240201,15:22:58,4.0,150,12950
20240201,15:23:06,3.95,200,12950
20240201,15:23:15,3.95,200,12950
20240201,15:23:31,3.95,50,12950
20240201,15:23:58,3.9,150,12950
20240201,15:24:09,3.9,50,12950
20240201,15:27:38,4.0,50,12100
20240201,15:28:25,4.1,150,12100
20240202,09:15:13,4.2,1,12100
20240202,09:15:13,4.0,300,12100
20240202,09:16:02,4.2,100,12100
20240202,09:16:14,4.25,450,12100
20240202,09:16:47,4.35,200,12100
20240202,09:19:33,4.35,50,11750
20240202,09:21:36,4.3,1050,11800
20240202,09:21:58,4.2,200,11800
20240202,09:22:20,4.25,50,11800
20240202,09:26:04,4.5,300,12450
20240202,09:26:14,4.4,150,12450
20240202,09:26:36,4.4,200,12000
20240202,09:26:58,4.35,250,12000
20240202,09:27:19,4.4,50,12000
20240202,09:29:13,4.45,100,12000
20240202,09:29:33,4.5,50,11500
20240202,09:30:18,4.45,100,11500
20240202,09:30:25,4.45,50,11500
20240202,09:30:51,4.45,50,11500
20240202,09:30:56,4.45,50,11500
20240202,09:30:57,4.5,700,11500
20240202,09:31:01,4.5,50,11500
20240202,09:31:59,4.45,50,11500
20240202,09:32:10,4.5,150,11500
20240202,09:32:50,4.55,50,10750
20240202,09:33:00,4.6,200,10750
20240202,09:33:11,4.65,300,10750
20240202,09:33:32,4.7,100,10750
20240202,09:33:43,4.7,1000,10750
20240202,09:34:15,4.7,50,10750
20240202,09:34:25,4.7,200,10750
20240202,09:34:35,4.65,50,10750
20240202,09:34:46,4.7,200,10750
20240202,09:34:56,4.7,100,10750
20240202,09:35:47,4.7,150,10400
20240202,09:36:17,4.65,500,10400
20240202,09:40:04,4.6,100,10350
20240202,09:42:05,4.55,50,10450
20240202,09:42:26,4.45,50,10450
20240202,09:42:55,4.5,100,10450
20240202,09:43:25,4.45,50,10450
20240202,09:43:35,4.5,50,10450
20240202,09:48:49,4.55,550,10500
20240202,09:49:28,4.5,100,10500
20240202,09:49:38,4.5,50,10500
20240202,09:50:38,4.5,50,10850
20240202,09:51:28,4.5,300,10850
20240202,09:51:38,4.3,50,10850
20240202,09:51:47,4.35,350,10850
20240202,09:52:53,4.2,200,10850
20240202,09:53:23,4.2,50,10850
20240202,09:53:44,4.2,50,11200
20240202,09:54:52,4.15,500,11200
20240202,09:56:35,4.2,50,11050
20240202,09:56:55,4.2,50,11050
20240202,09:59:02,4.1,150,11050
20240202,10:00:00,4.1,750,10950
20240202,10:01:50,4.05,50,10950
20240202,10:06:26,3.95,150,10900
20240202,10:16:20,3.95,50,10800
20240202,10:21:00,3.95,150,10850
20240202,10:42:00,4.0,50,10800
20240202,10:49:07,3.95,400,10800
20240202,10:58:08,3.8,50,10600
20240202,10:58:14,3.8,100,10600
20240202,10:58:26,3.8,100,10600
20240202,10:58:32,3.8,50,10600
20240202,10:58:44,3.8,50,10600
20240202,10:58:51,3.85,400,10600
20240202,11:00:36,3.8,400,10600
20240202,11:00:42,3.85,150,10600
20240202,11:00:48,3.8,50,10600
20240202,11:01:54,3.8,50,10600
20240202,11:04:07,3.85,50,10700
20240202,11:05:56,3.8,50,10700
20240202,11:10:23,3.85,500,10750
20240202,11:10:35,3.85,500,10750
20240202,11:10:56,3.85,500,10750
20240202,11:11:14,3.85,500,10750
20240202,11:13:42,3.75,1650,10650
20240202,11:13:52,3.75,750,10650
20240202,11:14:12,3.7,350,10650
20240202,11:14:22,3.7,400,10650
20240202,11:14:43,3.75,1150,13050
20240202,11:14:54,3.75,450,13050
20240202,11:15:04,3.75,1200,13050
20240202,11:15:26,3.75,650,13050
20240202,11:16:08,3.75,250,13050
20240202,11:16:18,3.75,500,13050
20240202,11:17:03,3.7,350,13050
20240202,11:17:14,3.7,700,13050
20240202,11:17:37,3.7,50,15600
20240202,11:17:59,3.75,600,15600
20240202,11:18:10,3.75,1250,15600
20240202,11:18:21,3.75,150,15600
20240202,11:18:33,3.75,1000,15600
20240202,11:19:07,3.75,300,15600
20240202,11:19:19,3.75,800,15600
20240202,11:19:41,3.75,1550,15600
20240202,11:19:52,3.7,250,15600
20240202,11:20:03,3.7,350,15600
20240202,11:20:14,3.7,500,15600
20240202,11:20:25,3.65,600,15600
20240202,11:20:58,3.65,400,16900
20240202,11:21:20,3.75,50,16900
20240202,11:23:50,3.7,1550,16600
20240202,11:24:33,3.75,1600,16600
20240202,11:24:43,3.7,2550,16600
20240202,11:25:15,3.7,150,16600
20240202,11:25:38,3.7,2200,16600
20240202,11:25:49,3.7,900,16600
20240202,11:27:54,3.65,50,23900
20240202,11:29:18,3.7,750,23900
20240202,11:30:24,3.7,850,23850
20240202,11:30:35,3.7,350,23850
20240202,11:30:46,3.7,1950,23850
20240202,11:30:58,3.7,6700,23850
20240202,11:31:10,3.7,50,23850
20240202,11:31:22,3.7,50,23850
20240202,11:31:35,3.7,14100,23850
20240202,11:31:47,3.7,8800,23850
20240202,11:31:59,3.7,8950,23850
20240202,11:32:12,3.7,2200,23850
20240202,11:32:23,3.7,12300,23850
20240202,11:32:35,3.7,3850,23850
20240202,11:33:09,3.7,50,74750
20240202,11:33:33,3.7,400,74750
20240202,11:33:44,3.7,750,74750
20240202,11:33:56,3.7,1150,74750
20240202,11:34:08,3.7,4350,74750
20240202,11:34:20,3.75,1700,74750
20240202,11:34:32,3.75,250,74750
20240202,11:34:44,3.75,4650,74750
20240202,11:34:56,3.75,2650,74750
20240202,11:35:08,3.75,6700,74750
20240202,11:35:20,3.75,5000,74750
20240202,11:35:31,3.8,4100,103000
20240202,11:35:43,3.8,2900,103000
20240202,11:35:55,3.85,1050,103000
20240202,11:36:17,3.9,600,103000
20240202,11:37:27,3.95,50,103000
20240202,11:37:39,4.0,200,103000
20240202,11:38:02,4.15,150,103000
20240202,11:38:15,4.15,700,103000
20240202,11:38:27,4.1,1850,103000
20240202,11:38:52,4.05,250,103650
20240202,11:39:17,4.2,1900,103650
20240202,11:39:30,4.2,1700,103650
20240202,11:40:05,4.4,200,103650
20240202,11:40:18,4.5,1050,103650
20240202,11:40:31,4.6,2250,103650
20240202,11:40:43,4.5,4700,103650
20240202,11:40:56,4.5,4150,103650
20240202,11:41:09,4.45,750,103650
20240202,11:41:20,4.4,3850,103650
20240202,11:41:31,4.45,250,103650
20240202,11:41:43,4.45,4700,104350
20240202,11:41:54,4.5,7150,104350
20240202,11:42:06,4.5,3450,104350
20240202,11:42:17,4.5,1850,104350
20240202,11:42:28,4.6,1150,104350
20240202,11:42:40,4.55,1600,104350
20240202,11:42:51,4.5,350,104350
20240202,11:43:03,4.45,100,104350
20240202,11:43:14,4.25,750,104350
20240202,11:43:26,3.85,1800,104350
20240202,11:43:38,3.9,50,104350
20240202,11:44:01,3.75,50,104350
20240202,11:44:24,3.85,100,104350
20240202,11:44:59,3.75,150,104350
20240202,11:45:10,3.75,5400,104350
20240202,11:45:22,3.75,250,104350
20240202,11:45:56,3.8,50,104350
20240202,11:46:42,3.75,350,104350
20240202,11:47:05,3.8,900,104350
20240202,11:47:16,3.85,100,104350
20240202,11:47:28,3.9,50,104350
20240202,11:47:39,3.95,650,104500
20240202,11:47:51,3.9,200,104500
20240202,11:48:37,4.0,300,104500
20240202,11:48:49,4.0,50,104500
20240202,11:49:23,3.85,100,104500
20240202,11:49:34,3.8,3800,104500
20240202,11:49:45,3.75,1050,104500
20240202,11:49:56,3.7,1450,104500
20240202,11:50:08,3.7,1100,104500
20240202,11:50:20,3.7,950,104500
20240202,11:50:31,3.75,150,104500
20240202,11:50:42,3.7,650,105350
20240202,11:51:05,3.7,550,105350
20240202,11:51:16,3.7,2550,105350
20240202,11:51:28,3.7,2100,105350
20240202,11:51:39,3.8,150,105350
20240202,11:52:02,3.75,200,105350
20240202,11:52:13,3.75,250,105350
20240202,11:52:24,3.75,250,105350
20240202,11:52:35,3.75,1450,105350
20240202,11:52:46,3.7,550,105350
20240202,11:52:57,3.7,300,105350
20240202,11:53:09,3.7,1600,105350
20240202,11:53:20,3.7,1450,105350
20240202,11:53:31,3.7,50,105350
20240202,11:53:42,3.7,1150,104700
20240202,11:53:52,3.65,1000,104700
20240202,11:54:03,3.6,2150,104700
20240202,11:57:51,3.6,100,105300
20240202,11:58:57,4.05,200,105300
20240202,11:59:08,3.95,100,105300
20240202,12:01:01,4.05,700,105250
20240202,12:02:11,4.05,100,105250
20240202,12:02:41,4.2,50,104550
20240202,12:02:51,4.2,50,104550
20240202,12:03:01,4.15,50,104550
20240202,12:03:10,4.15,550,104550
20240202,12:03:30,4.15,100,104550
20240202,12:03:40,4.15,350,104550
20240202,12:04:30,4.15,50,104550
20240202,12:05:01,4.2,100,104550
20240202,12:05:30,4.1,50,104550
20240202,12:06:21,4.05,900,104550
20240202,12:06:30,4.0,850,104550
20240202,12:06:38,4.0,50,104550
20240202,12:06:47,3.95,600,104550
20240202,12:06:55,3.95,650,104550
20240202,12:07:03,3.95,600,104550
20240202,12:07:36,3.9,100,104550
20240202,12:07:44,3.9,50,104550
20240202,12:07:52,3.9,50,104550
20240202,12:08:00,3.85,450,104550
20240202,12:08:08,3.85,700,104550
20240202,12:08:16,3.9,50,104550
20240202,12:08:24,3.85,100,104550
20240202,12:08:39,3.9,800,104550
20240202,12:10:56,3.95,350,104950
20240202,12:11:03,3.95,50,104950
20240202,12:11:11,3.95,100,104950
20240202,12:11:26,3.9,50,104950
20240202,12:12:19,3.9,750,104600
20240202,12:12:53,3.95,100,104600
20240202,12:13:07,3.9,2650,104600
20240202,12:13:36,3.8,1200,104600
20240202,12:14:14,3.65,100,104600
20240202,12:15:57,3.75,1800,104600
20240202,12:16:04,3.75,50,104600
20240202,12:17:02,3.8,100,104600
20240202,12:18:01,3.8,1850,104550
20240202,12:18:09,3.85,1400,104550
20240202,12:18:29,3.9,500,104550
20240202,12:18:36,3.9,50,104550
20240202,12:18:50,3.9,100,104550
20240202,12:18:58,3.9,1350,104550
20240202,12:20:02,3.9,350,104550
20240202,12:21:42,3.9,2700,104750
20240202,12:22:54,3.9,50,104750
20240202,12:24:52,3.85,750,104750
20240202,12:25:00,3.8,2650,104750
20240202,12:26:02,3.8,350,104750
20240202,12:26:45,3.75,50,104550
20240202,12:27:31,3.65,400,104550
20240202,12:27:48,3.7,350,104550
20240202,12:27:56,3.7,50,104550
20240202,12:28:12,3.7,50,104550
20240202,12:28:35,3.65,250,104550
20240202,12:28:51,3.7,550,104550
20240202,12:29:26,3.65,1650,104550
20240202,12:29:35,3.6,450,104550
20240202,12:29:43,3.65,50,104550
20240202,12:30:09,3.55,50,104600
20240202,12:30:19,3.5,550,104600
20240202,12:30:29,3.3,2800,104600
20240202,12:30:40,3.3,300,104600
20240202,12:30:50,3.25,5550,104600
20240202,12:30:59,3.4,2850,104600
20240202,12:31:08,3.45,3900,104600
20240202,12:31:26,3.45,500,104600
20240202,12:31:45,3.45,250,104600
20240202,12:31:55,3.45,850,104600
20240202,12:32:05,3.4,200,104600
20240202,12:32:16,3.3,3200,104600
20240202,12:32:35,3.25,800,104600
20240202,12:32:45,3.35,450,105100
20240202,12:33:13,3.35,50,105100
20240202,12:33:23,3.35,50,105100
20240202,12:33:50,3.4,550,105100
20240202,12:34:00,3.4,50,105100
20240202,12:34:10,3.4,50,105100
20240202,12:34:20,3.45,1150,105100
20240202,12:34:29,3.45,150,105100
20240202,12:34:40,3.5,50,105100
20240202,12:35:20,3.4,50,105100
20240202,12:35:30,3.4,50,105100
20240202,12:35:39,3.35,50,105100
20240202,12:36:18,3.3,100,104650
20240202,12:36:27,3.3,100,104650
20240202,12:36:37,3.3,2100,104650
20240202,12:36:46,3.35,1850,104650
20240202,12:36:56,3.35,1700,104650
20240202,12:37:05,3.35,950,104650
20240202,12:37:14,3.35,450,104650
20240202,12:37:42,3.35,300,104650
20240202,12:37:51,3.35,100,104650
20240202,12:38:09,3.35,400,104650
20240202,12:38:19,3.35,1150,104650
20240202,12:38:29,3.35,350,104650
20240202,12:38:49,3.35,50,104550
20240202,12:39:28,3.35,650,104550
20240202,12:39:38,3.45,300,104550
20240202,12:40:08,3.6,50,104550
20240202,12:40:51,3.6,750,104550
20240202,12:41:01,3.6,50,104550
20240202,12:41:12,3.6,100,104550
20240202,12:41:42,3.5,550,104550
20240202,12:41:52,3.55,50,104850
20240202,12:42:31,3.45,200,104850
20240202,12:42:41,3.55,150,104850
20240202,12:42:50,3.55,50,104850
20240202,12:44:09,3.7,50,104850
20240202,12:44:37,3.65,50,104850
20240202,12:45:26,3.65,50,104700
20240202,12:45:36,3.65,100,104700
20240202,12:46:05,3.6,400,104700
20240202,12:46:50,3.55,350,104700
20240202,12:47:19,3.6,400,104700
20240202,12:48:05,3.55,50,104550
20240202,12:48:15,3.6,200,104550
20240202,12:49:28,3.5,250,104550
20240202,12:49:46,3.5,50,104550
20240202,12:50:13,3.5,50,104550
20240202,12:50:22,3.55,50,104550
20240202,12:51:04,3.5,50,104550
20240202,12:51:57,3.5,150,104550
20240202,12:52:41,3.5,250,104550
20240202,12:52:49,3.5,200,104550
20240202,12:54:11,3.4,550,104550
20240202,12:58:59,3.4,100,104550
20240202,12:59:56,3.45,150,104650
20240202,13:00:48,3.4,50,104650
20240202,13:00:56,3.4,50,104650
20240202,13:02:54,3.4,1600,104550
20240202,13:06:12,3.4,50,104550
20240202,13:09:22,3.4,100,104550
20240202,13:12:44,3.3,100,104550
20240202,13:15:02,3.35,400,104550
20240202,13:15:46,3.35,50,104550
20240202,13:16:53,3.4,900,104550
20240202,13:17:41,3.4,50,104550
20240202,13:17:50,3.35,1200,104550
20240202,13:18:08,3.4,100,104550
20240202,13:20:53,3.4,50,104550
20240202,13:21:34,3.45,50,104550
20240202,13:23:30,3.35,500,104550
20240202,13:23:45,3.45,1050,104550
20240202,13:24:00,3.4,550,104750
20240202,13:24:22,3.45,50,104750
20240202,13:25:40,3.45,1000,104750
20240202,13:25:57,3.45,50,104750
20240202,13:26:07,3.35,350,104750
20240202,13:27:52,3.25,200,104550
20240202,13:28:15,3.25,1750,104550
20240202,13:28:46,3.25,100,104550
20240202,13:31:34,3.25,50,104550
20240202,13:31:50,3.2,50,104550
20240202,13:31:57,3.2,50,104550
20240202,13:32:05,3.2,50,104550
20240202,13:32:44,3.15,100,104550
20240202,13:36:39,3.25,50,104550
20240202,13:38:06,3.25,150,104550
20240202,13:38:24,3.2,100,104550
20240202,13:39:46,3.25,200,104550
20240202,13:39:55,3.25,50,104550
20240202,13:41:55,3.25,50,104550
20240202,13:43:36,3.15,50,104650
20240202,13:45:26,3.05,100,104650
20240202,13:46:34,3.0,100,104650
20240202,13:46:42,3.0,300,104650
20240202,13:46:57,3.1,150,104650
20240202,13:47:13,3.15,50,104650
20240202,13:48:05,3.05,50,104650
20240202,13:51:55,3.1,50,104650
20240202,13:52:53,3.1,100,104650
20240202,13:54:43,3.1,400,104650
20240202,13:55:43,3.1,50,104650
20240202,13:57:49,3.15,1200,104650
20240202,13:58:03,3.15,1800,104650
20240202,13:58:16,3.15,50,104650
20240202,13:58:31,3.15,50,104650
20240202,13:58:46,3.15,50,104650
20240202,14:00:22,3.15,1800,104600
20240202,14:00:29,3.2,50,104600
20240202,14:00:36,3.1,1050,104600
20240202,14:00:43,3.15,100,104600
20240202,14:01:04,3.15,100,104600
20240202,14:01:18,3.15,100,104600
20240202,14:02:38,3.2,50,104600
20240202,14:02:55,3.15,50,104600
20240202,14:03:03,3.15,50,104650
20240202,14:05:40,3.2,100,104650
20240202,14:05:47,3.2,50,104650
20240202,14:06:26,3.15,150,104650
20240202,14:11:25,3.25,1950,104650
20240202,14:11:34,3.2,50,104650
20240202,14:12:23,3.2,150,104550
20240202,14:12:30,3.2,250,104550
20240202,14:12:45,3.25,50,104550
20240202,14:13:01,3.3,800,104550
20240202,14:13:31,3.35,150,104550
20240202,14:13:38,3.35,50,104550
20240202,14:13:52,3.3,100,104550
20240202,14:17:40,3.35,50,104850
20240202,14:19:08,3.25,50,104800
20240202,14:19:45,3.25,50,104800
20240202,14:21:39,3.2,50,104700
20240202,14:22:42,3.2,50,104700
20240202,14:23:23,3.2,1050,104700
20240202,14:26:05,3.15,50,104650
20240202,14:26:13,3.15,50,104650
20240202,14:27:38,3.15,50,104550
20240202,14:31:49,3.1,50,104550
20240202,14:32:50,3.05,250,104550
20240202,14:35:50,3.05,250,104550
20240202,14:36:17,3.1,100,104550
20240202,14:36:48,3.1,300,104550
20240202,14:36:54,3.15,50,104550
20240202,14:37:36,3.2,50,104550
20240202,14:37:50,3.2,100,104550
20240202,14:38:40,3.3,50,104550
20240202,14:43:42,3.2,50,104650
20240202,14:44:32,3.2,800,104650
20240202,14:44:52,3.2,250,104650
20240202,14:45:59,3.2,200,104650
20240202,14:46:13,3.2,50,104650
20240202,14:46:25,3.2,50,104650
20240202,14:47:35,3.15,100,104650
20240202,14:50:09,3.25,50,104550
20240202,14:51:02,3.25,50,104550
20240202,14:51:16,3.25,50,104550
20240202,14:51:23,3.25,50,104550
20240202,14:53:39,3.1,350,104550
20240202,14:54:24,3.05,50,104550
20240202,14:54:32,3.05,50,104550
20240202,14:54:48,3.05,50,104550
20240202,14:56:01,3.05,50,104550
20240202,14:56:10,3.05,100,104550
20240202,14:56:58,2.95,400,104550
20240202,14:57:08,2.9,600,104600
20240202,14:57:26,2.9,50,104600
20240202,14:58:12,2.9,100,104600
20240202,14:58:31,2.9,250,104600
20240202,14:58:59,2.9,150,104600
20240202,14:59:09,2.95,150,104600
20240202,15:00:31,3.15,700,104600
20240202,15:01:40,3.1,100,104600
20240202,15:02:35,2.95,350,104600
20240202,15:02:45,3.0,50,104600
20240202,15:06:47,3.0,500,104600
20240202,15:07:05,3.0,100,104600
20240202,15:08:08,3.0,900,104600
20240202,15:08:29,3.0,50,104600
20240202,15:08:38,3.0,50,104600
20240202,15:09:23,3.0,400,105050
20240202,15:10:44,3.0,50,105050
20240202,15:11:10,2.95,50,105050
20240202,15:11:19,2.95,650,105050
20240202,15:15:27,2.9,500,105050
20240202,15:19:53,2.8,200,105550
20240202,15:20:19,2.8,200,105550
20240202,15:20:37,2.9,50,105550
20240202,15:22:00,2.85,250,105550
20240202,15:22:09,2.85,50,105550
20240202,15:23:45,2.7,200,105550
20240202,15:24:09,2.7,150,105550
20240202,15:24:18,2.75,50,105550
20240202,15:25:00,2.8,900,105550
20240202,15:26:00,2.7,750,105550
20240202,15:26:41,2.7,50,105550
20240202,15:27:14,2.7,50,105550
20240202,15:27:22,2.6,750,105550
20240202,15:27:30,2.6,50,105550
20240202,15:27:38,2.6,100,105550
20240202,15:27:53,2.65,750,105550
20240202,15:28:25,2.7,100,105550
20240202,15:28:33,2.7,700,105550
20240202,15:28:41,2.85,450,105550
20240202,15:29:05,2.75,100,105550
20240202,15:29:48,2.9,50,105550
20240205,09:15:03,2.9,1,105550
20240205,09:15:03,2.9,1500,105550
20240205,09:15:26,3.2,50,105550
20240205,09:15:37,3.2,50,105550
20240205,09:15:47,2.95,100,105550
20240205,09:15:56,2.95,50,105550
20240205,09:16:04,2.95,150,105550
20240205,09:16:32,3.1,150,105750
20240205,09:17:37,3.05,1900,105750
20240205,09:17:53,3.1,2050,105750
20240205,09:18:01,3.05,100,105750
20240205,09:18:09,3.05,600,105750
20240205,09:18:16,3.05,50,105750
20240205,09:18:32,3.05,2000,105750
20240205,09:18:40,3.1,2300,105750
20240205,09:20:01,3.1,100,105900
20240205,09:20:09,3.05,650,105900
20240205,09:20:17,3.05,50,105900
20240205,09:20:25,3.1,900,105900
20240205,09:20:34,3.1,950,105900
20240205,09:20:42,3.1,200,105900
20240205,09:20:50,3.1,100,105900
20240205,09:20:58,3.05,850,105900
20240205,09:21:05,3.05,200,105900
20240205,09:21:14,3.05,400,105900
20240205,09:22:21,3.05,550,106750
20240205,09:23:06,3.1,100,106750
20240205,09:23:13,3.05,50,106750
20240205,09:23:41,3.0,250,106750
20240205,09:24:18,3.0,150,106750
20240205,09:24:41,3.05,50,106750
20240205,09:24:48,3.0,200,106750
20240205,09:24:57,2.95,750,106750
20240205,09:25:05,3.0,1050,106750
20240205,09:25:20,2.95,150,107400
20240205,09:26:31,3.05,150,107400
20240205,09:26:40,2.95,250,107400
20240205,09:28:28,2.9,300,107350
20240205,09:28:44,2.9,250,107350
20240205,09:30:11,2.85,50,107350
20240205,09:30:35,2.85,50,107350
20240205,09:31:04,2.85,100,107350
20240205,09:31:55,2.95,350,107350
20240205,09:32:10,2.95,50,107350
20240205,09:32:25,2.95,50,107350
20240205,09:32:47,2.85,900,107350
20240205,09:32:55,2.85,900,107350
20240205,09:33:03,2.85,200,107350
20240205,09:34:19,2.85,100,106600
20240205,09:35:16,2.9,100,106600
20240205,09:35:46,2.95,50,106600
20240205,09:36:55,2.9,100,106600
20240205,09:39:44,3.0,50,106500
20240205,09:40:31,3.0,150,106550
20240205,09:40:54,2.95,50,106550
20240205,09:46:29,3.0,500,106550
20240205,09:46:52,3.05,350,106550
20240205,09:47:03,3.05,50,106550
20240205,09:48:27,3.05,50,106550
20240205,09:49:56,3.05,50,106900
20240205,09:50:03,3.05,50,106900
20240205,09:50:17,3.1,1800,106900
20240205,09:50:35,3.25,6400,106900
20240205,09:50:52,3.25,6650,106900
20240205,09:51:02,3.3,1300,106900
20240205,09:51:12,3.3,2150,106900
20240205,09:51:20,3.3,1450,106900
20240205,09:51:46,3.35,1800,106900
20240205,09:52:23,3.35,500,109650
20240205,09:52:30,3.3,50,109650
20240205,09:52:55,3.3,50,109650
20240205,09:53:04,3.3,50,109650
20240205,09:55:18,3.3,50,109650
20240205,09:55:53,3.2,450,109050
20240205,09:56:35,3.2,50,109050
20240205,09:57:25,3.25,50,109050
20240205,09:58:39,3.3,500,108750
20240205,09:59:05,3.4,850,108750
20240205,10:01:27,3.4,150,109600
20240205,10:01:56,3.35,50,109600
20240205,10:02:15,3.35,200,109600
20240205,10:02:22,3.4,2250,109600
20240205,10:03:25,3.45,50,109600
20240205,10:03:33,3.45,300,109600
20240205,10:03:40,3.45,1500,109600
20240205,10:03:46,3.45,50,109600
20240205,10:04:07,3.45,250,109600
20240205,10:04:23,3.45,150,108700
20240205,10:04:33,3.4,600,108700
20240205,10:04:44,3.4,50,108700
20240205,10:05:55,3.35,50,108700
20240205,10:06:54,3.35,400,108700
20240205,10:08:04,3.45,50,108450
20240205,10:08:40,3.45,200,108450
20240205,10:09:35,3.4,100,108450
20240205,10:10:24,3.45,50,108600
20240205,10:12:33,3.45,150,108600
20240205,10:12:52,3.45,50,108600
20240205,10:13:10,3.4,50,108600
20240205,10:13:47,3.4,50,108550
20240205,10:14:07,3.4,50,108550
20240205,10:14:16,3.4,550,108550
20240205,10:14:43,3.4,150,108550
20240205,10:15:20,3.4,150,108550
20240205,10:15:38,3.4,150,108550
20240205,10:17:26,3.4,100,108500
20240205,10:17:46,3.35,50,108500
20240205,10:17:57,3.3,150,108500
20240205,10:18:07,3.25,150,108500
20240205,10:18:28,3.2,50,108500
20240205,10:18:39,3.15,300,108500
20240205,10:18:49,3.2,50,108500
20240205,10:18:59,3.15,300,108500
20240205,10:19:09,3.1,150,108500
20240205,10:19:19,3.15,350,108500
20240205,10:20:00,3.15,50,108500
20240205,10:20:10,3.15,50,108400
20240205,10:23:02,3.25,150,108450
20240205,10:23:11,3.2,100,108450
20240205,10:25:12,3.2,50,108450
20240205,10:26:05,3.35,200,108300
20240205,10:26:14,3.25,50,108300
20240205,10:26:57,3.25,950,108300
20240205,10:27:05,3.25,50,108300
20240205,10:32:49,3.2,50,109250
20240205,10:35:56,3.2,200,109200
20240205,10:38:50,3.3,200,109100
20240205,10:53:11,3.3,100,109000
20240205,10:53:40,3.3,50,109000
20240205,11:00:43,3.35,50,109000
20240205,11:00:55,3.25,100,109000
20240205,11:16:32,3.3,50,108900
20240205,11:16:58,4.1,2000,108900
20240205,11:17:07,3.35,750,108900
20240205,11:17:16,3.35,300,108900
20240205,11:17:53,3.4,300,108900
20240205,11:19:22,3.4,50,108900
20240205,11:19:37,3.35,50,109800
20240205,11:19:58,3.3,350,109800
20240205,11:20:03,3.35,50,109800
20240205,11:20:13,3.3,250,109800
20240205,11:20:24,3.35,750,109800
20240205,11:20:30,3.3,200,109800
20240205,11:21:24,3.3,50,109800
20240205,11:23:44,3.3,50,108500
20240205,11:28:04,3.25,50,108550
20240205,11:29:16,3.25,100,108550
20240205,11:30:49,3.2,100,108550
20240205,11:35:56,3.2,50,108550
20240205,11:38:09,3.15,100,108550
20240205,11:38:35,3.1,150,108550
20240205,11:39:31,3.05,50,108550
20240205,11:40:39,3.2,150,108600
20240205,11:41:11,3.1,50,108600
20240205,11:41:18,3.1,100,108600
20240205,11:45:19,3.0,50,108600
20240205,11:46:01,3.0,500,108600
20240205,11:46:16,3.05,50,108600
20240205,11:56:10,2.95,100,109050
20240205,11:56:13,2.95,350,109050
20240205,11:56:58,2.95,200,109050
20240205,11:57:42,2.9,800,109050
20240205,12:00:32,2.85,500,108900
20240205,12:05:32,2.95,50,108850
20240205,12:06:21,2.85,50,108850
20240205,12:09:17,2.8,100,108800
20240205,12:09:30,2.8,200,108800
20240205,12:09:36,2.8,50,108800
20240205,12:09:52,2.75,50,108800
20240205,12:10:55,2.75,250,108650
20240205,12:11:00,2.75,100,108650
20240205,12:14:56,2.75,50,108650
20240205,12:20:02,2.8,100,108650
20240205,12:30:30,2.75,50,108750
20240205,12:38:49,2.8,200,108700
20240205,12:42:54,2.85,950,108900
20240205,12:43:05,2.9,900,108900
20240205,12:48:16,2.9,50,109950
20240205,12:48:53,2.95,300,109950
20240205,12:50:58,2.85,250,110150
20240205,12:52:46,2.8,450,109900
20240205,12:53:00,2.8,300,109900
20240205,13:00:43,2.85,50,109550
20240205,13:00:58,2.85,50,109550
20240205,13:01:18,2.85,400,109550
20240205,13:02:35,2.95,50,110050
20240205,13:02:55,2.95,50,110050
20240205,13:07:04,2.9,50,110100
20240205,13:09:05,2.95,700,110100
20240205,13:13:41,3.0,100,110700
20240205,13:15:19,3.0,1800,110750
20240205,13:15:28,3.05,800,110750
20240205,13:17:07,3.0,50,110750
20240205,13:17:11,2.95,1400,110750
20240205,13:17:15,2.95,50,110750
20240205,13:17:30,2.95,100,110750
20240205,13:17:43,2.95,50,110750
20240205,13:17:52,2.85,1000,110750
20240205,13:19:40,2.95,250,110750
20240205,13:19:44,2.95,50,110750
20240205,13:19:47,2.95,50,109650
20240205,13:20:00,2.95,50,109650
20240205,13:20:19,2.95,50,109650
20240205,13:21:52,2.85,150,109650
20240205,13:21:56,2.85,50,109650
20240205,13:21:59,2.85,350,109650
20240205,13:22:35,2.85,50,109650
20240205,13:25:24,2.85,350,109750
20240205,13:28:04,2.95,450,109750
20240205,13:30:32,2.85,50,110000
20240205,13:30:38,2.85,50,110000
20240205,13:31:22,2.85,200,110000
20240205,13:38:34,2.9,600,110000
20240205,13:38:38,2.95,200,110000
20240205,13:40:46,2.85,250,110000
20240205,13:41:02,2.85,100,109700
20240205,13:41:22,2.95,100,109700
20240205,13:42:17,2.9,200,109700
20240205,13:45:44,2.9,50,109950
20240205,13:46:05,2.9,50,109950
20240205,13:46:51,2.9,50,109950
20240205,13:49:19,2.9,50,109950
20240205,13:50:26,2.9,50,109950
20240205,13:50:42,2.9,50,109950
20240205,13:56:54,2.9,100,109850
20240205,13:58:01,2.9,100,109850
20240205,13:59:47,2.9,50,109850
20240205,14:02:50,2.9,50,109850
20240205,14:03:04,2.9,50,109850
20240205,14:06:41,2.9,150,109850
20240205,14:11:48,2.85,50,109900
20240205,14:12:37,2.85,100,109900
20240205,14:13:58,2.8,100,109900
20240205,14:14:05,2.9,50,109900
20240205,14:16:28,2.85,50,109900
20240205,14:18:05,2.9,50,109900
20240205,14:19:49,2.9,50,109900
20240205,14:20:44,2.9,50,109950
20240205,14:21:24,3.1,1550,109950
20240205,14:21:48,3.0,300,109950
20240205,14:24:45,2.9,250,110450
20240205,14:25:09,2.9,100,110450
20240205,14:27:03,2.9,250,110600
20240205,14:27:27,2.9,200,110600
20240205,14:27:41,3.05,50,110600
20240205,14:28:33,3.0,50,110600
20240205,14:29:49,3.05,250,110850
20240205,14:30:20,3.1,250,110850
20240205,14:30:34,3.0,200,110850
20240205,14:30:40,3.15,100,110850
20240205,14:32:05,3.1,50,110800
20240205,14:32:22,3.15,200,110800
20240205,14:32:32,3.1,100,110800
20240205,14:32:41,3.1,50,110800
20240205,14:32:49,2.95,200,110800
20240205,14:32:58,3.0,50,110800
20240205,14:33:33,3.0,50,110800
20240205,14:33:42,3.0,350,110800
20240205,14:33:58,3.0,50,110800
20240205,14:34:32,2.95,100,110800
20240205,14:34:58,2.95,50,111200
20240205,14:35:39,3.0,250,111200
20240205,14:35:48,3.1,650,111200
20240205,14:35:58,2.95,50,111200
20240205,14:36:07,2.9,100,111200
20240205,14:36:16,3.0,250,111200
20240205,14:36:25,2.9,100,111200
20240205,14:36:44,2.95,100,111200
20240205,14:36:54,2.9,50,111200
20240205,14:37:04,2.95,200,111200
20240205,14:37:23,2.95,100,111200
20240205,14:37:32,3.0,50,111200
20240205,14:37:51,2.95,50,111200
20240205,14:38:00,2.95,50,111200
20240205,14:39:13,3.0,50,111050
20240205,14:39:23,3.0,150,111050
20240205,14:39:32,3.0,100,111050
20240205,14:39:41,2.95,150,111050
20240205,14:39:59,3.0,50,111050
20240205,14:40:16,2.95,300,111050
20240205,14:40:25,3.0,100,111050
20240205,14:40:34,3.0,50,111050
20240205,14:40:43,2.95,50,111050
20240205,14:41:26,3.0,100,111500
20240205,14:41:35,3.0,50,111500
20240205,14:41:44,3.0,100,111500
20240205,14:43:06,3.1,50,111500
20240205,14:43:36,3.25,100,111500
20240205,14:44:06,3.15,50,111450
20240205,14:44:16,3.15,250,111450
20240205,14:46:04,3.1,50,111450
20240205,14:46:46,3.05,1000,111450
20240205,14:47:05,3.0,200,112450
20240205,14:47:16,2.9,300,112450
20240205,14:47:26,3.0,500,112450
20240205,14:47:46,2.95,100,112450
20240205,14:47:57,3.0,150,112450
20240205,14:48:08,2.95,100,112450
20240205,14:48:58,3.05,250,112450
20240205,14:49:29,3.15,250,112450
20240205,14:49:39,3.2,200,112450
20240205,14:49:49,3.15,500,112450
20240205,14:50:08,3.0,1950,112900
20240205,14:50:18,3.0,100,112900
20240205,14:50:28,3.05,800,112900
20240205,14:50:49,3.0,200,112900
20240205,14:51:08,3.0,300,112900
20240205,14:51:18,3.15,100,112900
20240205,14:52:22,3.05,100,112900
20240205,14:52:32,3.05,50,112900
20240205,14:52:42,3.0,300,112900
20240205,14:52:52,3.0,50,112900
20240205,14:53:02,3.0,300,112600
20240205,14:53:12,3.0,150,112600
20240205,14:53:22,3.05,50,112600
20240205,14:53:41,2.95,300,112600
20240205,14:53:51,3.0,150,112600
20240205,14:54:09,3.0,50,112600
20240205,14:54:19,2.95,100,112600
20240205,14:56:13,2.9,50,112200
20240205,14:57:02,2.9,50,112200
20240205,14:57:12,3.0,100,112200
20240205,14:58:01,2.85,100,112200
20240205,14:58:10,2.9,50,112200
20240205,14:58:48,2.9,50,112200
20240205,14:59:06,2.85,200,112300
20240205,14:59:25,2.8,1800,112300
20240205,14:59:51,2.8,400,112300
20240205,15:00:00,2.8,1200,112300
20240205,15:00:57,2.9,800,112300
20240205,15:01:16,2.85,200,112300
20240205,15:01:25,2.85,50,112300
20240205,15:04:25,2.95,250,112850
20240205,15:04:34,2.95,50,112850
20240205,15:05:01,2.95,50,112850
20240205,15:05:20,2.9,150,112750
20240205,15:05:38,2.95,50,112750
20240205,15:05:48,2.95,400,112750
20240205,15:05:59,2.9,50,112750
20240205,15:06:09,2.9,50,112750
20240205,15:06:29,2.9,50,112750
20240205,15:06:50,2.9,50,112750
20240205,15:07:08,2.95,50,112750
20240205,15:07:27,2.85,200,112750
20240205,15:07:37,2.95,50,112750
20240205,15:07:48,2.9,100,112750
20240205,15:07:57,2.9,100,112750
20240205,15:08:24,2.9,300,112300
20240205,15:08:32,2.95,250,112300
20240205,15:08:42,2.95,1000,112300
20240205,15:09:01,3.0,100,112300
20240205,15:09:11,3.0,150,112300
20240205,15:09:19,2.95,100,112300
20240205,15:09:27,3.0,300,112300
20240205,15:09:35,3.0,700,112300
20240205,15:09:44,3.05,900,112300
20240205,15:09:53,2.9,750,112300
20240205,15:10:01,2.85,1250,112300
20240205,15:10:28,2.85,400,112300
20240205,15:10:38,2.85,100,112300
20240205,15:10:47,2.85,300,112300
20240205,15:11:18,2.8,50,109850
20240205,15:11:28,2.8,50,109850
20240205,15:13:26,2.85,50,109850
20240205,15:13:35,2.8,50,109850
20240205,15:14:12,2.7,900,109900
20240205,15:14:21,2.7,200,109900
20240205,15:15:37,2.7,150,109900
20240205,15:16:06,2.75,450,109900
20240205,15:16:35,2.75,50,109900
20240205,15:19:06,2.7,50,109450
20240205,15:19:16,2.75,50,109450
20240205,15:19:25,2.75,50,109450
20240205,15:20:55,2.75,300,109550
20240205,15:22:26,2.8,250,109550
20240205,15:23:03,2.8,250,109550
20240205,15:23:56,2.8,150,109500
20240205,15:25:49,2.75,250,109500
20240205,15:25:58,2.75,50,109500
20240205,15:26:06,2.75,150,109050
20240205,15:26:15,2.75,350,109050
20240205,15:26:40,2.65,2050,109050
20240205,15:26:58,2.6,300,109050
20240205,15:27:16,2.6,300,109050
20240205,15:27:24,2.6,50,109050
20240205,15:27:42,2.55,1800,109050
20240205,15:28:17,2.4,350,109050
20240205,15:28:35,2.55,200,109050
20240205,15:28:44,2.55,350,109050
20240205,15:29:11,2.55,250,108450
20240205,15:29:19,2.5,3150,108450
20240206,09:15:06,2.8,1,108450
20240206,09:15:06,2.75,200,108450
20240206,09:15:18,2.55,250,108450
20240206,09:15:30,2.55,100,108450
20240206,09:19:04,2.3,250,108450
20240206,09:19:13,2.25,900,108450
20240206,09:20:37,2.25,600,108450
20240206,09:21:48,2.25,1200,108450
20240206,09:23:18,2.35,150,107950
20240206,09:23:27,2.4,250,107950
20240206,09:30:16,2.45,150,107950
20240206,09:31:57,2.4,50,107950
20240206,09:32:52,2.4,100,107950
20240206,09:33:03,2.4,50,107950
20240206,09:36:10,2.45,50,107950
20240206,09:38:51,2.4,100,107950
20240206,09:39:15,2.45,300,107950
20240206,09:41:57,2.45,50,107950
20240206,09:42:20,2.5,50,107950
20240206,09:44:06,2.4,100,107950
20240206,09:45:50,2.5,100,107950
20240206,09:49:57,2.35,100,108050
20240206,09:50:32,2.35,50,108050
20240206,09:50:43,2.4,100,108050
20240206,09:53:32,2.4,100,108250
20240206,09:54:25,2.35,700,108250
20240206,09:57:12,2.4,250,108350
20240206,09:58:04,2.4,900,108350
20240206,10:00:47,2.45,100,109250
20240206,10:01:27,2.45,100,109250
20240206,10:02:35,2.4,100,109250
20240206,10:03:21,2.35,50,109250
20240206,10:03:45,2.35,100,109250
20240206,10:05:16,2.4,250,109250
20240206,10:05:38,2.4,900,109250
20240206,10:06:01,2.45,100,109250
20240206,10:08:16,2.4,50,110250
20240206,10:11:19,2.4,50,110250
20240206,10:13:19,2.4,50,110250
20240206,10:14:01,2.45,50,110250
20240206,10:14:30,2.45,50,110250
20240206,10:23:48,2.4,50,110250
20240206,10:25:05,2.4,50,110250
20240206,10:26:48,2.4,750,110250
20240206,10:27:55,2.4,250,110250
20240206,10:30:56,2.35,50,109250
20240206,10:43:28,2.35,100,109250
20240206,10:44:36,2.25,50,109250
20240206,10:48:55,2.5,1000,109250
20240206,10:58:27,2.4,50,109250
20240206,11:00:27,2.4,50,109250
20240206,11:00:49,2.4,100,109200
20240206,11:03:38,2.4,50,109050
20240206,11:04:01,2.4,50,109050
20240206,11:12:38,2.45,200,109050
20240206,11:12:44,2.45,50,109050
20240206,11:22:48,2.45,100,109050
20240206,11:23:01,2.45,2600,109050
20240206,11:23:33,2.45,50,109050
20240206,11:26:03,2.45,100,109250
20240206,11:26:26,2.45,50,109250
20240206,11:27:10,2.45,50,109250
20240206,11:29:05,2.45,50,109050
20240206,11:32:47,2.45,50,109000
20240206,11:32:57,2.45,50,109000
20240206,11:33:08,2.45,100,109000
20240206,11:33:23,2.45,350,109000
20240206,11:36:41,2.35,50,108500
20240206,11:38:39,2.35,200,108450
20240206,11:41:22,2.3,100,108500
20240206,12:03:09,2.35,100,108500
20240206,12:03:54,2.3,900,108500
20240206,12:10:22,2.3,50,108500
20240206,12:12:01,2.3,50,108500
20240206,12:16:33,2.3,250,108500
20240206,12:17:17,2.3,50,108500
20240206,12:19:57,2.3,300,108500
20240206,12:20:34,2.3,200,108500
20240206,12:25:00,2.3,50,108300
20240206,12:26:30,2.25,1800,108300
20240206,12:26:38,2.25,1800,108300
20240206,12:26:46,2.25,1100,108300
20240206,12:27:33,2.25,1800,108300
20240206,12:27:42,2.3,100,108300
20240206,12:27:59,2.3,50,108300
20240206,12:30:50,2.25,1000,108500
20240206,12:32:14,2.25,600,108500
20240206,12:34:51,2.25,250,108500
20240206,12:34:58,2.25,2150,108500
20240206,12:35:29,2.25,50,108500
20240206,12:35:49,2.25,850,108500
20240206,12:35:57,2.25,450,108500
20240206,12:36:06,2.25,1300,108500
20240206,12:37:03,2.3,350,108500
20240206,12:38:04,2.25,300,108150
20240206,12:38:13,2.25,50,108150
20240206,12:38:26,2.25,50,108150
20240206,12:38:40,2.25,1950,108150
20240206,12:38:59,2.25,1050,108150
20240206,12:39:07,2.25,950,108150
20240206,12:39:15,2.25,1950,108150
20240206,12:40:00,2.25,300,108150
20240206,12:40:14,2.2,1800,108150
20240206,12:41:33,2.2,50,108600
20240206,12:45:16,2.25,100,108550
20240206,12:45:29,2.25,50,108550
20240206,12:50:06,2.25,250,108500
20240206,12:51:11,2.25,50,108500
20240206,12:53:43,2.2,100,108300
20240206,12:53:51,2.2,50,108300
20240206,12:55:12,2.15,50,108300
20240206,12:56:19,2.15,250,108300
20240206,12:58:27,2.15,50,108300
20240206,12:59:18,2.2,250,108300
20240206,13:01:11,2.2,800,108300
20240206,13:08:14,2.25,50,109300
20240206,13:09:16,2.2,100,109300
20240206,13:11:13,2.25,100,109200
20240206,13:11:18,2.25,50,109200
20240206,13:11:23,2.25,50,109200
20240206,13:13:43,2.2,50,109200
20240206,13:14:06,2.2,50,109200
20240206,13:15:07,2.2,50,109400
20240206,13:18:18,2.2,50,109450
20240206,13:21:05,2.25,350,109450
20240206,13:22:33,2.25,50,109450
20240206,13:30:01,2.25,50,109450
20240206,13:30:08,2.25,50,109800
20240206,13:30:57,2.2,50,109800
20240206,13:35:24,2.2,200,109750
20240206,13:36:48,2.2,1050,109750
20240206,13:37:00,2.2,600,109750
20240206,13:37:11,2.2,150,109750
20240206,13:39:49,2.15,100,108300
20240206,13:40:17,2.15,100,108300
20240206,13:40:37,2.15,250,108300
20240206,13:46:49,2.1,200,108300
20240206,13:46:56,2.1,50,108300
20240206,13:47:38,2.1,100,108300
20240206,13:52:56,2.1,50,108300
20240206,13:53:15,2.1,50,108300
20240206,13:54:20,2.05,850,108300
20240206,13:56:19,2.1,250,108300
20240206,13:56:28,2.15,300,108300
20240206,13:57:42,2.15,100,108300
20240206,13:58:23,2.15,100,108300
20240206,14:03:42,2.1,50,108300
20240206,14:11:29,2.1,100,108350
20240206,14:12:14,2.15,400,108350
20240206,14:12:41,2.1,200,108350
20240206,14:13:35,2.15,50,108350
20240206,14:22:45,2.05,600,108250
20240206,14:23:01,2.05,50,108250
20240206,14:26:39,2.1,150,108300
20240206,14:26:55,2.15,100,108300
20240206,14:31:40,2.15,1800,108300
20240206,14:31:53,2.15,200,108300
20240206,14:32:00,2.15,50,108300
20240206,14:32:44,2.2,100,108300
20240206,14:32:51,2.2,50,108300
20240206,14:38:20,2.2,500,108300
20240206,14:39:34,2.15,50,108550
20240206,14:40:38,2.15,50,108550
20240206,14:43:20,2.15,300,108300
20240206,14:56:28,2.1,250,108400
20240206,15:00:15,2.1,250,108350
20240206,15:03:52,2.1,250,108350
20240206,15:03:59,2.15,100,108350
20240206,15:04:06,2.1,100,108350
20240206,15:04:14,2.1,250,108350
20240206,15:06:06,2.1,50,108350
20240206,15:09:51,2.15,950,108400
20240206,15:10:21,2.15,100,108400
20240206,15:15:09,2.2,150,109300
20240206,15:15:24,2.2,250,109300
20240206,15:16:20,2.2,250,109300
20240206,15:16:44,2.2,500,109300
20240206,15:21:13,2.2,350,109300
20240206,15:24:32,2.2,50,108950
20240206,15:25:42,2.15,50,108950
20240206,15:25:53,2.15,50,108950
20240206,15:26:45,2.15,50,109000
20240206,15:27:58,2.15,900,109000
20240206,15:29:04,2.3,500,109000
20240206,15:29:31,2.25,150,108650
20240206,15:29:44,2.15,50,108650
20240207,09:15:16,2.3,1,108500
20240207,09:15:16,2.55,250,108500
20240207,09:15:39,2.5,50,108500
20240207,09:16:23,2.45,250,108500
20240207,09:17:12,2.3,50,108900
20240207,09:17:24,2.35,300,108900
20240207,09:17:36,2.4,250,108900
20240207,09:18:00,2.4,700,108900
20240207,09:18:11,2.4,200,108900
20240207,09:18:22,2.4,100,108900
20240207,09:18:34,2.35,400,108900
20240207,09:18:44,2.3,500,108900
20240207,09:19:16,2.3,2000,108900
20240207,09:19:25,2.25,550,108900
20240207,09:19:43,2.2,100,109700
20240207,09:20:12,2.2,50,109700
20240207,09:20:23,2.3,300,109700
20240207,09:20:33,2.3,200,109700
20240207,09:21:01,2.25,100,109700
20240207,09:21:10,2.2,50,109700
20240207,09:21:21,2.25,50,109700
20240207,09:21:31,2.3,500,109700
20240207,09:21:42,2.25,100,109700
20240207,09:23:43,2.25,50,109950
20240207,09:24:35,2.25,450,109950
20240207,09:25:43,2.25,100,110250
20240207,09:26:05,2.3,50,110250
20240207,09:26:16,2.25,50,110250
20240207,09:26:59,2.2,50,110250
20240207,09:27:10,2.25,100,110250
20240207,09:28:05,2.1,200,110250
20240207,09:28:27,2.1,450,110250
20240207,09:29:20,2.3,100,109800
20240207,09:29:39,2.25,150,109800
20240207,09:29:49,2.25,100,109800
20240207,09:29:59,2.25,100,109800
20240207,09:30:09,2.25,200,109800
20240207,09:30:31,2.2,200,109800
20240207,09:31:21,2.2,200,109800
20240207,09:31:32,2.25,50,109800
20240207,09:32:53,2.3,100,110200
20240207,09:33:12,2.25,50,110200
20240207,09:33:21,2.25,150,110200
20240207,09:33:30,2.25,350,110200
20240207,09:33:39,2.3,1550,110200
20240207,09:33:58,2.3,50,110200
20240207,09:34:08,2.3,50,110200
20240207,09:37:12,2.35,50,110650
20240207,09:38:02,2.2,200,110700
20240207,09:38:45,2.3,150,110700
20240207,09:38:55,2.3,250,110700
20240207,09:39:06,2.3,350,110700
20240207,09:39:16,2.3,500,110700
20240207,09:39:26,2.3,150,110700
20240207,09:39:48,2.3,300,110700
20240207,09:39:58,2.3,1650,110700
20240207,09:40:09,2.25,50,110700
20240207,09:41:15,2.25,300,112350
20240207,09:41:45,2.3,100,112350
20240207,09:42:48,2.3,400,112350
20240207,09:43:18,2.25,50,112350
20240207,09:43:38,2.2,300,112500
20240207,09:43:48,2.2,200,112500
20240207,09:44:09,2.25,550,112500
20240207,09:45:22,2.3,300,112500
20240207,09:46:56,2.2,400,112750
20240207,09:47:05,2.15,200,112750
20240207,09:47:15,2.15,350,112750
20240207,09:48:55,2.2,950,112750
20240207,09:49:52,2.15,900,113150
20240207,09:50:30,2.15,100,113150
20240207,09:50:49,2.15,50,113150
20240207,09:51:09,2.15,150,113150
20240207,09:51:38,2.15,150,113150
20240207,09:51:55,2.15,150,113150
20240207,09:57:16,2.1,50,113450
20240207,09:58:14,2.2,100,113450
20240207,09:58:25,2.15,50,113450
20240207,09:58:54,2.15,150,113450
20240207,09:59:23,2.15,50,113450
20240207,09:59:31,2.25,50,113450
20240207,10:01:19,2.2,150,113450
20240207,10:02:02,2.2,100,113550
20240207,10:02:37,2.15,100,113550
20240207,10:02:54,2.2,400,113550
20240207,10:03:03,2.2,100,113550
20240207,10:03:14,2.15,150,113550
20240207,10:05:13,2.2,100,113350
20240207,10:05:34,2.15,150,113350
20240207,10:05:53,2.15,300,113350
20240207,10:06:21,2.15,50,113350
20240207,10:08:35,2.15,300,112950
20240207,10:10:29,2.15,200,112950
20240207,10:11:09,2.1,50,112950
20240207,10:14:40,2.3,500,112700
20240207,10:15:33,2.3,50,112700
20240207,10:16:09,2.3,150,112700
20240207,10:19:41,2.3,200,112950
20240207,10:19:50,2.35,600,112950
20240207,10:19:57,2.35,3200,112950
20240207,10:20:36,2.3,50,112950
20240207,10:21:39,2.35,200,112950
20240207,10:21:54,2.3,100,112950
20240207,10:22:38,2.25,300,112950
20240207,10:24:48,2.25,100,112600
20240207,10:25:11,2.25,50,112600
20240207,10:25:26,2.3,250,112600
20240207,10:25:46,2.3,50,112500
20240207,10:26:00,2.3,400,112500
20240207,10:26:20,2.25,950,112500
20240207,10:26:33,2.25,50,112500
20240207,10:26:46,2.3,50,112500
20240207,10:26:52,2.25,1300,112500
20240207,10:27:07,2.3,200,112500
20240207,10:27:15,2.3,150,112500
20240207,10:27:34,2.3,200,112500
20240207,10:29:12,2.3,100,112800
20240207,10:30:45,2.3,200,112800
20240207,10:32:25,2.3,350,112900
20240207,10:33:09,2.25,350,112900
20240207,10:34:05,2.3,300,112900
20240207,10:36:20,2.3,50,112900
20240207,10:36:28,2.3,50,112900
20240207,10:36:58,2.3,50,112900
20240207,10:43:35,2.3,150,112800
20240207,10:44:25,2.35,500,112850
20240207,10:44:31,2.35,200,112850
20240207,10:44:38,2.35,200,112850
20240207,10:44:57,2.3,500,112850
20240207,10:45:21,2.4,650,112850
20240207,10:45:38,2.4,100,112850
20240207,10:46:43,2.4,100,112850
20240207,10:47:33,2.35,650,113450
20240207,10:50:20,2.35,1500,113450
20240207,10:50:26,2.4,100,113450
20240207,10:50:32,2.35,1000,113450
20240207,10:50:37,2.4,500,113450
20240207,10:52:15,2.4,750,113450
20240207,10:52:50,2.4,50,115900
20240207,10:53:45,2.4,1250,115900
20240207,10:57:16,2.4,500,115900
20240207,10:57:52,2.35,50,115100
20240207,10:59:35,2.3,400,115100
20240207,10:59:55,2.3,800,115100
20240207,11:00:07,2.3,50,115100
20240207,11:01:18,2.35,50,115100
20240207,11:02:15,2.25,500,114000
20240207,11:02:19,2.25,100,114000
20240207,11:02:22,2.25,200,114000
20240207,11:02:25,2.25,650,114000
20240207,11:02:36,2.25,150,114000
20240207,11:02:54,2.25,50,114000
20240207,11:03:08,2.25,150,114000
20240207,11:03:19,2.2,150,114000
20240207,11:04:32,2.3,50,114000
20240207,11:06:02,2.35,50,113600
20240207,11:07:14,2.3,100,113600
20240207,11:07:21,2.3,50,113600
20240207,11:09:24,2.3,150,113550
20240207,11:15:54,2.25,150,113700
20240207,11:16:11,2.25,50,113700
20240207,11:16:23,2.3,50,113700
20240207,11:17:02,2.25,50,113850
20240207,11:17:59,2.25,100,113850
20240207,11:19:00,2.25,50,113850
20240207,11:20:58,2.3,50,114000
20240207,11:25:05,2.3,250,114050
20240207,11:25:20,2.3,200,114050
20240207,11:25:48,2.3,50,114050
20240207,11:26:54,2.3,50,114450
20240207,11:31:46,2.4,1450,114450
20240207,11:32:06,2.4,400,114200
20240207,11:32:26,2.4,3600,114200
20240207,11:32:44,2.35,50,114200
20240207,11:33:20,2.35,100,114200
20240207,11:33:48,2.4,13400,114200
20240207,11:33:56,2.5,2000,114200
20240207,11:34:21,2.4,250,114200
20240207,11:34:29,2.4,250,114200
20240207,11:35:26,2.4,250,115400
20240207,11:35:43,2.45,300,115400
20240207,11:37:29,2.4,100,115400
20240207,11:38:16,2.4,750,115350
20240207,11:39:01,2.45,50,115350
20240207,11:42:03,2.45,50,114800
20240207,11:42:58,2.45,450,114800
20240207,11:43:41,2.4,300,114800
20240207,11:44:12,2.4,500,114800
20240207,11:45:20,2.45,950,114800
20240207,11:45:28,2.5,500,114800
20240207,11:45:45,2.45,100,114800
20240207,11:45:53,2.45,200,114800
20240207,11:47:06,2.45,200,116050
20240207,11:48:29,2.4,350,116050
20240207,11:49:25,2.4,50,116050
20240207,11:49:33,2.4,50,116050
20240207,11:52:28,2.45,350,115900
20240207,11:52:35,2.45,600,115900
20240207,11:53:10,2.5,100,116200
20240207,11:53:40,2.5,2150,116200
20240207,11:53:55,2.5,1050,116200
20240207,11:54:34,2.5,50,116200
20240207,11:54:42,2.55,200,116200
20240207,11:56:27,2.45,300,115400
20240207,11:58:20,2.45,50,115400
20240207,11:58:28,2.45,100,115400
20240207,12:00:16,2.5,250,115350
20240207,12:01:16,2.45,50,115350
20240207,12:02:40,2.4,250,115150
20240207,12:03:04,2.4,250,115150
20240207,12:05:31,2.45,50,114650
20240207,12:06:11,2.4,850,114650
20240207,12:06:19,2.4,50,114650
20240207,12:07:38,2.35,250,114650
20240207,12:10:34,2.4,100,114500
20240207,12:11:06,2.35,50,114550
20240207,12:13:31,2.35,200,114550
20240207,12:13:47,2.35,600,114550
20240207,12:14:32,2.35,50,115100
20240207,12:17:04,2.3,750,115150
20240207,12:17:18,2.35,50,115150
20240207,12:25:37,2.3,50,114550
20240207,12:25:58,2.3,200,114500
20240207,12:33:30,2.25,50,114500
20240207,12:34:18,2.25,50,114500
20240207,12:38:33,2.35,50,114450
20240207,12:41:30,2.3,500,114500
20240207,12:43:08,2.3,50,114500
20240207,12:48:35,2.3,100,115000
20240207,12:48:51,2.25,350,115000
20240207,12:49:24,2.3,50,115000
20240207,12:49:41,2.2,150,115000
20240207,12:50:46,2.25,50,115050
20240207,12:51:32,2.25,100,115050
20240207,12:52:00,2.2,150,115050
20240207,12:52:59,2.2,50,115050
20240207,12:53:15,2.15,50,115250
20240207,12:53:40,2.15,150,115250
20240207,12:55:18,2.2,50,115250
20240207,12:57:33,2.15,50,115300
20240207,12:57:50,2.15,50,115300
20240207,12:59:24,2.1,700,115400
20240207,12:59:31,2.1,150,115400
20240207,13:03:57,2.05,200,114950
20240207,13:04:03,2.05,200,114950
20240207,13:08:19,2.05,50,115000
20240207,13:08:51,2.1,50,115000
20240207,13:12:47,2.0,250,115100
20240207,13:14:21,2.0,1300,115100
20240207,13:14:32,2.0,3200,115100
20240207,13:18:54,2.05,50,119300
20240207,13:23:30,2.05,100,119300
20240207,13:24:35,2.05,100,119300
20240207,13:25:22,2.05,50,119300
20240207,13:26:25,2.0,50,119200
20240207,13:28:28,2.05,500,119200
20240207,13:40:13,2.0,700,119250
20240207,13:41:12,2.0,50,119250
20240207,13:41:55,2.0,100,119150
20240207,13:42:23,2.05,1950,119150
20240207,13:44:10,2.05,100,119800
20240207,13:44:19,2.05,50,119800
20240207,13:44:58,2.1,50,119800
20240207,13:45:38,2.05,850,119800
20240207,13:49:05,2.0,50,119200
20240207,13:51:08,2.0,50,119200
20240207,13:52:00,2.0,50,119200
20240207,13:52:22,2.0,50,119200
20240207,13:54:11,2.0,50,119200
20240207,13:58:40,2.05,100,119200
20240207,14:01:03,2.0,50,119200
20240207,14:04:37,2.05,100,119250
20240207,14:06:32,2.05,400,119250
20240207,14:06:42,2.05,100,119250
20240207,14:07:17,2.05,850,119250
20240207,14:10:51,2.0,200,119200
20240207,14:10:57,2.0,150,119200
20240207,14:11:04,2.0,100,119200
20240207,14:11:11,2.0,100,119200
20240207,14:11:31,2.0,50,119250
20240207,14:11:37,2.0,100,119250
20240207,14:13:28,2.05,250,119250
20240207,14:15:36,1.95,950,119300
20240207,14:17:00,2.0,100,119300
20240207,14:19:10,2.05,50,119200
20240207,14:20:33,2.0,200,119200
20240207,14:21:25,2.0,100,119200
20240207,14:22:40,2.05,50,119200
20240207,14:23:37,2.0,250,119000
20240207,14:24:12,2.05,50,119000
20240207,14:24:24,2.05,150,119000
20240207,14:24:56,2.05,250,119000
20240207,14:25:03,2.0,1100,119000
20240207,14:25:16,2.0,1000,119000
20240207,14:26:22,2.0,50,121500
20240207,14:27:07,2.0,400,121500
20240207,14:28:20,2.1,100,121500
20240207,14:29:23,2.05,250,121750
20240207,14:29:53,2.05,150,121750
20240207,14:30:17,2.05,50,121750
20240207,14:31:36,2.0,250,121750
20240207,14:32:49,2.0,150,121650
20240207,14:32:57,2.0,100,121650
20240207,14:33:40,1.95,550,121650
20240207,14:33:48,1.95,200,121650
20240207,14:33:55,1.9,3700,121650
20240207,14:34:04,1.9,2950,121650
20240207,14:34:12,1.9,50,121650
20240207,14:34:20,1.85,50,121650
20240207,14:34:28,1.85,300,121650
20240207,14:34:37,1.85,400,121650
20240207,14:34:59,1.8,100,121650
20240207,14:35:29,1.8,50,121500
20240207,14:35:57,1.8,150,121500
20240207,14:36:05,1.8,150,121500
20240207,14:36:28,1.75,150,121500
20240207,14:36:35,1.75,50,121500
20240207,14:36:43,1.75,200,121500
20240207,14:36:51,1.75,200,121500
20240207,14:37:07,1.75,50,121500
20240207,14:37:15,1.75,50,121500
20240207,14:37:44,1.8,150,121500
20240207,14:37:53,1.75,1800,121500
20240207,14:37:57,1.8,50,121500
20240207,14:38:30,1.75,600,121500
20240207,14:39:31,1.7,1800,121500
20240207,14:39:37,1.7,1750,121500
20240207,14:39:42,1.7,250,121500
20240207,14:39:48,1.7,1000,121500
20240207,14:40:14,1.75,50,121500
20240207,14:40:36,1.75,500,121500
20240207,14:41:10,1.75,150,121500
20240207,14:43:15,1.65,500,121500
20240207,14:46:08,1.65,1300,121500
20240207,14:46:13,1.75,50,121500
20240207,14:48:32,1.75,1800,121500
20240207,14:51:17,1.75,1800,121500
20240207,14:51:30,1.75,1850,121500
20240207,14:53:42,1.8,100,121500
20240207,14:53:52,1.75,50,121500
20240207,14:55:17,1.75,50,121500
20240207,14:56:54,1.8,100,121500
20240207,14:56:59,1.75,100,121500
20240207,14:57:09,1.75,50,121500
20240207,14:58:09,1.75,250,121500
20240207,14:58:43,1.8,100,121500
20240207,15:08:35,1.8,50,121500
20240207,15:09:29,1.8,150,121500
20240207,15:10:05,1.8,600,121500
20240207,15:11:04,1.75,450,121500
20240207,15:11:14,1.75,450,121500
20240207,15:12:05,1.7,350,121150
20240207,15:12:22,1.7,900,121150
20240207,15:12:50,1.7,50,121150
20240207,15:13:25,1.7,50,121150
20240207,15:13:41,1.75,500,121150
20240207,15:13:50,1.75,50,121150
20240207,15:14:17,1.7,50,121150
20240207,15:14:42,1.75,50,121700
20240207,15:14:48,1.75,200,121700
20240207,15:15:10,1.75,250,121700
20240207,15:15:24,1.7,450,121700
20240207,15:15:53,1.75,50,121700
20240207,15:16:55,1.7,50,121700
20240207,15:18:08,1.75,100,121700
20240207,15:18:21,1.8,50,121700
20240207,15:18:25,1.7,50,121700
20240207,15:18:52,1.7,200,121700
20240207,15:19:00,1.75,50,121700
20240207,15:19:15,1.7,200,121700
20240207,15:19:19,1.7,200,121700
20240207,15:19:24,1.75,100,121700
20240207,15:20:05,1.75,200,121700
20240207,15:20:10,1.7,450,121700
20240207,15:20:30,1.7,200,121700
20240207,15:20:45,1.7,200,121700
20240207,15:21:18,1.7,200,121700
20240207,15:21:43,1.75,350,121700
20240207,15:21:52,1.75,150,121700
20240207,15:22:01,1.7,400,121700
20240207,15:22:16,1.7,400,121700
20240207,15:22:34,1.7,200,121700
20240207,15:22:39,1.75,100,121700
20240207,15:22:47,1.7,50,121700
20240207,15:22:52,1.7,800,121700
20240207,15:23:05,1.7,200,121700
20240207,15:23:19,1.7,200,121700
20240207,15:23:48,1.7,50,120900
20240207,15:24:31,1.65,200,120900
20240207,15:25:36,1.75,50,120900
20240207,15:25:42,1.65,200,120900
20240207,15:25:49,1.7,100,120900
20240207,15:26:01,1.75,400,120900
20240207,15:26:50,1.7,200,120850
20240207,15:27:25,1.75,200,120850
20240207,15:27:30,1.7,600,120850
20240207,15:27:35,1.7,1000,120850
20240207,15:27:40,1.75,1100,120850
20240207,15:27:55,1.8,350,120850
20240207,15:28:02,1.8,300,120850
20240207,15:28:13,1.75,100,120850
20240207,15:28:19,1.75,300,120850
20240207,15:28:29,1.7,100,120850
20240207,15:28:46,1.7,1200,120850
20240207,15:28:58,1.75,100,120850
20240207,15:29:06,1.75,500,120850
20240207,15:29:14,1.75,100,120850
20240207,15:29:38,1.65,1400,121750
20240207,15:29:56,1.75,50,121750
20240208,09:15:14,1.8,1,123050
20240208,09:15:14,1.8,50,123050
20240208,09:15:25,1.85,200,123050
20240208,09:15:34,1.75,50,123050
20240208,09:15:51,1.75,150,123050
20240208,09:16:06,1.6,100,123050
20240208,09:16:13,1.6,50,123050
20240208,09:16:30,1.7,100,123050
20240208,09:16:38,1.7,850,123050
20240208,09:16:47,1.75,200,123050
20240208,09:17:15,1.7,850,123050
20240208,09:17:37,1.7,250,123050
20240208,09:17:57,1.75,200,123050
20240208,09:18:08,1.7,450,123050
20240208,09:18:19,1.7,250,123050
20240208,09:19:10,1.7,250,123050
20240208,09:19:20,1.7,50,123050
20240208,09:19:38,1.7,100,123050
20240208,09:19:48,1.7,100,124700
20240208,09:19:57,1.65,50,124700
20240208,09:20:06,1.65,300,124700
20240208,09:20:16,1.6,150,124700
20240208,09:20:26,1.55,200,124700
20240208,09:20:38,1.55,3700,124700
20240208,09:20:50,1.55,100,124700
20240208,09:21:01,1.55,100,124700
20240208,09:21:13,1.55,700,124700
20240208,09:21:24,1.6,800,124700
20240208,09:21:35,1.65,700,124700
20240208,09:21:46,1.65,1000,124700
20240208,09:22:29,1.55,300,124700
20240208,09:24:10,1.6,1500,126550
20240208,09:24:42,1.55,200,126550
20240208,09:27:15,1.55,50,126650
20240208,09:28:04,1.55,2200,126650
20240208,09:30:07,1.55,1000,126550
20240208,09:30:17,1.55,250,126550
20240208,09:30:27,1.55,150,126550
20240208,09:32:00,1.5,500,125150
20240208,09:32:46,1.5,50,125150
20240208,09:33:25,1.5,300,125150
20240208,09:34:04,1.5,300,125150
20240208,09:35:20,1.5,50,125600
20240208,09:35:47,1.55,200,125600
20240208,09:38:36,1.5,200,125650
20240208,09:39:27,1.5,1800,125650
20240208,09:39:38,1.5,800,125650
20240208,09:40:57,1.5,200,125650
20240208,09:42:05,1.55,1950,125650
20240208,09:42:26,1.6,50,125650
20240208,09:43:46,1.6,2050,126700
20240208,09:43:56,1.6,100,126700
20240208,09:44:06,1.6,150,126700
20240208,09:49:10,1.6,1550,126600
20240208,09:50:17,1.6,50,125050
20240208,09:51:34,1.6,100,125050
20240208,09:56:34,1.55,50,125050
20240208,09:59:17,1.6,50,125050
20240208,10:00:00,1.6,50,125050
20240208,10:00:10,1.6,1100,125050
20240208,10:01:05,1.6,500,125050
20240208,10:02:41,1.55,150,125800
20240208,10:05:07,1.55,4350,125800
20240208,10:05:20,1.55,500,125800
20240208,10:05:43,1.55,500,125800
20240208,10:05:54,1.6,300,125800
20240208,10:06:44,1.55,3400,125800
20240208,10:07:47,1.55,100,125800
20240208,10:09:19,1.55,100,128900
20240208,10:09:58,1.55,500,128900
20240208,10:10:07,1.55,600,128900
20240208,10:10:18,1.55,100,128900
20240208,10:10:27,1.55,1000,128900
20240208,10:10:35,1.55,300,128900
20240208,10:11:03,1.55,250,128300
20240208,10:11:20,1.55,450,128300
20240208,10:11:29,1.55,1900,128300
20240208,10:13:30,1.55,250,128300
20240208,10:13:48,1.55,4000,128300
20240208,10:13:56,1.55,1000,127750
20240208,10:14:04,1.55,250,127750
20240208,10:15:42,1.55,300,127750
20240208,10:15:52,1.55,250,127750
20240208,10:16:03,1.55,500,127750
20240208,10:16:22,1.55,150,127750
20240208,10:16:31,1.55,1950,127750
20240208,10:16:40,1.55,650,127750
20240208,10:16:48,1.55,1800,127750
20240208,10:16:56,1.55,50,127600
20240208,10:17:05,1.55,50,127600
20240208,10:17:13,1.55,700,127600
20240208,10:18:10,1.6,2000,127600
20240208,10:18:43,1.55,100,127600
20240208,10:19:00,1.55,900,127600
20240208,10:20:25,1.5,50,125250
20240208,10:20:33,1.5,50,125250
20240208,10:20:50,1.5,50,125250
20240208,10:22:33,1.55,400,125250
20240208,10:24:46,1.5,300,125300
20240208,10:25:44,1.5,50,125300
20240208,10:26:36,1.5,1200,125200
20240208,10:27:03,1.5,500,125200
20240208,10:27:13,1.45,250,125200
20240208,10:27:22,1.45,1450,125200
20240208,10:27:56,1.45,1800,125200
20240208,10:28:05,1.45,500,125200
20240208,10:28:30,1.45,650,125200
20240208,10:29:19,1.45,250,124700
20240208,10:30:07,1.4,50,124700
20240208,10:30:54,1.4,500,124700
20240208,10:31:29,1.4,2500,124700
20240208,10:31:39,1.45,200,124700
20240208,10:31:55,1.45,200,124350
20240208,10:32:03,1.45,100,124350
20240208,10:33:09,1.45,250,124350
20240208,10:35:12,1.4,550,124900
20240208,10:36:21,1.4,250,124900
20240208,10:37:27,1.45,500,124900
20240208,10:37:35,1.4,100,124900
20240208,10:38:32,1.45,1000,125250
20240208,10:39:02,1.4,150,125250
20240208,10:41:32,1.45,500,125700
20240208,10:41:42,1.45,2400,125700
20240208,10:41:52,1.5,4450,125700
20240208,10:42:02,1.5,1150,125700
20240208,10:42:12,1.55,1650,125700
20240208,10:42:22,1.5,2850,125700
20240208,10:42:31,1.55,1400,125700
20240208,10:47:33,1.45,650,128750
20240208,10:47:42,1.45,50,128750
20240208,10:48:43,1.4,650,128750
20240208,10:50:40,1.4,250,128300
20240208,10:51:15,1.45,50,128300
20240208,10:51:49,1.4,250,128300
20240208,10:56:36,1.4,100,128350
20240208,10:57:46,1.4,50,128350
20240208,10:58:10,1.35,50,128350
20240208,10:58:33,1.35,250,128350
20240208,10:58:44,1.35,50,128350
20240208,10:59:05,1.35,500,128300
20240208,10:59:16,1.4,2950,128300
20240208,10:59:25,1.45,500,128300
20240208,10:59:32,1.45,1250,128300
20240208,10:59:39,1.45,500,128300
20240208,10:59:47,1.45,1000,128300
20240208,10:59:56,1.4,350,128300
20240208,11:00:16,1.4,50,128300
20240208,11:00:39,1.45,1100,128300
20240208,11:00:50,1.45,400,128300
20240208,11:01:40,1.4,650,128300
20240208,11:01:59,1.4,200,128300
20240208,11:02:29,1.45,1100,127000
20240208,11:02:38,1.4,50,127000
20240208,11:02:48,1.45,2700,127000
20240208,11:02:58,1.5,2450,127000
20240208,11:03:09,1.5,1850,127000
20240208,11:03:20,1.5,1000,127000
20240208,11:03:31,1.45,550,127000
20240208,11:03:41,1.5,3200,127000
20240208,11:03:50,1.5,250,127000
20240208,11:04:11,1.5,50,127000
20240208,11:04:20,1.5,200,127000
20240208,11:04:30,1.5,1800,127000
20240208,11:04:39,1.55,1400,127000
20240208,11:04:49,1.5,500,127000
20240208,11:04:58,1.45,1500,127000
20240208,11:05:06,1.45,3850,127300
20240208,11:05:15,1.45,3000,127300
20240208,11:05:23,1.45,350,127300
20240208,11:05:42,1.45,500,127300
20240208,11:05:51,1.45,700,127300
20240208,11:06:11,1.45,1000,127300
20240208,11:06:21,1.4,1500,127300
20240208,11:06:31,1.4,1000,127300
20240208,11:06:42,1.45,3700,127300
20240208,11:06:52,1.4,2850,127300
20240208,11:07:02,1.4,1000,127300
20240208,11:07:12,1.45,500,127300
20240208,11:07:23,1.45,1500,127300
20240208,11:07:32,1.45,2000,127300
20240208,11:07:52,1.45,150,127300
20240208,11:08:02,1.45,50,124350
20240208,11:08:41,1.4,250,124350
20240208,11:09:18,1.45,500,124350
20240208,11:09:37,1.45,100,124350
20240208,11:09:56,1.45,350,124350
20240208,11:10:05,1.45,200,124350
20240208,11:10:43,1.45,150,124350
20240208,11:10:52,1.4,500,124350
20240208,11:11:08,1.45,2000,124450
20240208,11:11:17,1.45,950,124450
20240208,11:11:27,1.45,900,124450
20240208,11:11:55,1.45,1050,124450
20240208,11:12:05,1.45,100,124450
20240208,11:12:14,1.4,650,124450
20240208,11:12:23,1.45,250,124450
20240208,11:12:32,1.4,200,124450
20240208,11:12:41,1.45,50,124450
20240208,11:12:50,1.45,50,124450
20240208,11:13:17,1.4,600,124450
20240208,11:13:42,1.45,400,124450
20240208,11:13:59,1.4,1100,124450
20240208,11:14:08,1.45,50,127050
20240208,11:14:17,1.45,100,127050
20240208,11:14:25,1.4,150,127050
20240208,11:14:34,1.4,100,127050
20240208,11:14:50,1.4,50,127050
20240208,11:15:23,1.4,250,127050
20240208,11:15:50,1.4,50,127050
20240208,11:15:59,1.4,50,127050
20240208,11:16:58,1.4,50,127050
20240208,11:17:24,1.45,50,127350
20240208,11:18:21,1.4,50,127350
20240208,11:18:37,1.4,50,127350
20240208,11:19:26,1.45,1600,127350
20240208,11:20:00,1.45,250,127350
20240208,11:20:09,1.45,100,127700
20240208,11:20:17,1.5,850,127700
20240208,11:20:35,1.55,2150,127700
20240208,11:20:43,1.55,200,127700
20240208,11:22:21,1.55,50,127700
20240208,11:23:58,1.6,350,128050
20240208,11:24:06,1.6,50,128050
20240208,11:24:22,1.6,50,128050
20240208,11:25:34,1.6,750,128050
20240208,11:25:43,1.6,100,128050
20240208,11:25:52,1.6,500,128050
20240208,11:26:01,1.6,850,128050
20240208,11:26:34,1.6,50,127500
20240208,11:26:59,1.65,50,127500
20240208,11:27:08,1.6,300,127500
20240208,11:27:16,1.65,50,127500
20240208,11:27:26,1.6,350,127500
20240208,11:27:34,1.6,50,127500
20240208,11:27:43,1.6,1400,127500
20240208,11:27:52,1.6,4300,127500
20240208,11:28:02,1.6,5250,127500
20240208,11:28:11,1.65,1050,127500
20240208,11:28:20,1.65,250,127500
20240208,11:28:37,1.65,100,127500
20240208,11:28:46,1.65,250,127500
20240208,11:28:55,1.6,200,127500
20240208,11:30:11,1.55,100,125900
20240208,11:30:27,1.55,100,125900
20240208,11:31:09,1.5,750,125900
20240208,11:33:57,1.55,50,125800
20240208,11:35:57,1.5,500,125800
20240208,11:36:13,1.55,150,125800
20240208,11:36:27,1.5,50,125800
20240208,11:36:35,1.5,100,125800
20240208,11:36:57,1.5,250,125800
20240208,11:37:13,1.5,50,125800
20240208,11:38:08,1.45,150,125800
20240208,11:38:24,1.45,50,125800
20240208,11:39:37,1.45,50,125800
20240208,11:41:25,1.4,300,125800
20240208,11:41:39,1.45,50,125800
20240208,11:42:42,1.45,100,125800
20240208,11:42:49,1.45,250,125800
20240208,11:43:51,1.45,1800,125800
20240208,11:44:06,1.4,150,125800
20240208,11:44:35,1.45,1950,125650
20240208,11:44:42,1.45,500,125650
20240208,11:46:53,1.45,50,125650
20240208,11:48:09,1.5,1250,125500
20240208,11:48:30,1.5,3650,125500
20240208,11:49:01,1.5,150,125500
20240208,11:51:00,1.5,2200,125500
20240208,11:51:13,1.5,1450,125500
20240208,11:51:19,1.5,1250,125500
20240208,11:51:27,1.55,1800,125500
20240208,11:51:34,1.55,950,125500
20240208,11:51:55,1.5,1400,125500
20240208,11:52:02,1.5,1200,125500
20240208,11:52:09,1.5,1100,125500
20240208,11:53:26,1.45,550,128550
20240208,11:53:52,1.45,100,128550
20240208,11:54:20,1.45,50,128550
20240208,11:54:51,1.45,1500,128550
20240208,11:58:36,1.45,500,127400
20240208,11:59:59,1.45,250,127700
20240208,12:01:00,1.45,250,127700
20240208,12:03:08,1.45,50,127700
20240208,12:03:16,1.45,1850,127700
20240208,12:03:33,1.45,250,127700
20240208,12:03:50,1.45,300,127700
20240208,12:03:58,1.45,650,127700
20240208,12:04:22,1.5,50,127700
20240208,12:04:38,1.5,50,127700
20240208,12:04:59,1.45,50,127700
20240208,12:05:13,1.45,900,127700
20240208,12:05:42,1.45,100,127700
20240208,12:05:50,1.45,50,127700
20240208,12:06:19,1.45,1250,127700
20240208,12:06:41,1.45,50,127700
20240208,12:07:03,1.45,50,127700
20240208,12:08:48,1.4,100,127100
20240208,12:09:19,1.4,50,127100
20240208,12:09:25,1.4,100,127100
20240208,12:09:43,1.4,250,127100
20240208,12:11:07,1.45,50,127100
20240208,12:16:25,1.4,200,126950
20240208,12:16:37,1.35,350,126950
20240208,12:16:43,1.35,800,126950
20240208,12:16:55,1.35,200,126950
20240208,12:19:15,1.35,600,126350
20240208,12:21:13,1.4,150,126300
20240208,12:21:20,1.4,50,126300
20240208,12:21:32,1.35,200,126300
20240208,12:22:29,1.4,150,126300
20240208,12:24:09,1.4,250,126450
20240208,12:25:56,1.4,1400,126450
20240208,12:26:03,1.4,200,126450
20240208,12:26:23,1.4,250,127450
20240208,12:27:06,1.45,50,127450
20240208,12:27:58,1.4,1000,127450
20240208,12:28:04,1.35,1000,127450
20240208,12:28:27,1.35,50,127450
20240208,12:28:32,1.35,250,127450
20240208,12:28:44,1.35,450,127450
20240208,12:28:49,1.4,50,127450
20240208,12:33:24,1.4,250,126400
20240208,12:35:10,1.35,50,126400
20240208,12:35:16,1.35,50,126400
20240208,12:35:29,1.35,50,126400
20240208,12:37:34,1.3,800,126400
20240208,12:37:40,1.3,1150,126400
20240208,12:39:23,1.3,1000,126250
20240208,12:39:37,1.35,50,126250
20240208,12:39:49,1.35,50,126250
20240208,12:41:00,1.25,600,126250
20240208,12:44:04,1.3,1000,126500
20240208,12:44:10,1.3,1800,126500
20240208,12:44:17,1.3,250,126350
20240208,12:44:28,1.3,250,126350
20240208,12:44:54,1.3,1350,126350
20240208,12:45:18,1.25,450,126350
20240208,12:45:24,1.3,350,126350
20240208,12:45:37,1.25,50,126350
20240208,12:46:06,1.25,50,126350
20240208,12:46:12,1.25,250,126350
20240208,12:47:47,1.25,50,126250
20240208,12:48:03,1.25,500,126250
20240208,12:50:44,1.25,50,126250
20240208,12:52:44,1.3,200,126250
20240208,12:53:03,1.3,50,126250
20240208,12:53:42,1.25,1800,126400
20240208,12:54:09,1.25,150,126400
20240208,12:54:46,1.25,250,126400
20240208,12:58:46,1.25,2350,126400
20240208,12:59:08,1.25,200,126400
20240208,13:00:18,1.25,1100,126550
20240208,13:00:32,1.25,400,126550
20240208,13:00:55,1.25,50,126550
20240208,13:01:05,1.25,450,126550
20240208,13:01:11,1.25,150,126550
20240208,13:02:09,1.25,50,126550
20240208,13:05:05,1.3,1800,126650
20240208,13:05:16,1.3,3600,126650
20240208,13:05:21,1.3,3300,128450
20240208,13:05:31,1.35,7700,128450
20240208,13:05:36,1.35,4400,128450
20240208,13:05:40,1.35,2300,128450
20240208,13:05:53,1.4,3600,128450
20240208,13:05:57,1.4,4500,128450
20240208,13:06:20,1.45,3600,128450
20240208,13:06:24,1.45,2600,128450
20240208,13:06:29,1.45,3100,128450
20240208,13:06:33,1.45,3850,128450
20240208,13:06:37,1.45,450,128450
20240208,13:06:51,1.45,250,128450
20240208,13:07:04,1.45,3350,128450
20240208,13:07:30,1.45,1800,128450
20240208,13:07:33,1.45,2000,128450
20240208,13:07:36,1.5,800,128450
20240208,13:07:40,1.45,350,128450
20240208,13:07:48,1.45,150,128450
20240208,13:09:10,1.45,450,143150
20240208,13:09:16,1.45,150,143150
20240208,13:09:20,1.45,200,143150
20240208,13:09:55,1.45,50,143150
20240208,13:10:16,1.45,850,143150
20240208,13:10:23,1.4,900,143150
20240208,13:11:18,1.4,50,143150
20240208,13:11:34,1.4,3700,141850
20240208,13:11:44,1.4,500,141850
20240208,13:11:48,1.4,1800,141850
20240208,13:12:46,1.4,4850,141850
20240208,13:13:00,1.4,1500,141850
20240208,13:17:14,1.35,1300,136650
20240208,13:17:18,1.35,1500,134400
20240208,13:17:21,1.35,500,134400
20240208,13:17:25,1.35,500,134400
20240208,13:18:26,1.4,4250,134400
20240208,13:18:30,1.4,1200,134400
20240208,13:18:39,1.4,1950,134400
20240208,13:19:09,1.4,750,134400
20240208,13:21:18,1.4,350,134200
20240208,13:21:21,1.4,1800,134200
20240208,13:21:31,1.4,100,134200
20240208,13:21:47,1.45,1300,134200
20240208,13:21:55,1.45,50,134200
20240208,13:22:04,1.45,1500,134200
20240208,13:22:18,1.4,1500,134200
20240208,13:22:58,1.4,150,134200
20240208,13:23:09,1.4,750,134200
20240208,13:23:31,1.4,50,133250
20240208,13:26:59,1.35,1650,133200
20240208,13:29:01,1.4,200,133200
20240208,13:29:29,1.35,50,132450
20240208,13:31:02,1.3,5550,132450
20240208,13:32:00,1.3,100,132450
20240208,13:32:10,1.3,800,132450
20240208,13:32:17,1.25,650,132450
20240208,13:32:37,1.25,700,132450
20240208,13:32:42,1.25,500,134350
20240208,13:32:45,1.25,550,134350
20240208,13:33:09,1.25,250,134350
20240208,13:33:49,1.3,600,134350
20240208,13:33:53,1.25,2550,134350
20240208,13:33:58,1.25,650,134350
20240208,13:34:02,1.25,100,134350
20240208,13:35:38,1.2,250,135750
20240208,13:36:46,1.2,1800,135750
20240208,13:36:53,1.2,1450,135750
20240208,13:38:21,1.2,150,135750
20240208,13:38:26,1.2,2200,137950
20240208,13:39:08,1.15,1800,137950
20240208,13:39:30,1.15,300,137950
20240208,13:39:34,1.15,50,137950
20240208,13:39:55,1.15,150,137950
20240208,13:41:55,1.15,1000,141550
20240208,13:41:59,1.15,150,141550
20240208,13:43:19,1.15,100,141550
20240208,13:44:09,1.15,850,141550
20240208,13:44:29,1.1,2050,140100
20240208,13:45:21,1.1,1800,140100
20240208,13:45:32,1.1,1800,140100
20240208,13:45:51,1.15,250,140100
20240208,13:45:56,1.1,50,140100
20240208,13:48:29,1.1,50,142050
20240208,13:48:44,1.1,200,142050
20240208,13:51:22,1.1,50,142050
20240208,13:53:12,1.1,50,142050
20240208,13:55:01,1.1,500,142050
20240208,13:55:07,1.1,4450,142050
20240208,13:55:13,1.1,2150,142050
20240208,13:55:18,1.1,800,142050
20240208,13:55:35,1.05,700,142050
20240208,13:56:03,1.1,200,142050
20240208,13:57:10,1.15,1250,143700
20240208,13:57:17,1.15,300,143700
20240208,13:58:01,1.15,50,143700
20240208,14:01:16,1.2,2600,142450
20240208,14:01:20,1.2,750,142450
20240208,14:01:39,1.2,1900,142450
20240208,14:02:48,1.2,1450,144250
20240208,14:02:51,1.15,2750,144250
20240208,14:03:10,1.15,50,144250
20240208,14:03:50,1.15,200,144250
20240208,14:04:53,1.2,150,144250
20240208,14:07:03,1.2,100,146050
20240208,14:07:17,1.2,1550,146050
20240208,14:07:44,1.15,1800,146050
20240208,14:07:51,1.15,150,146050
20240208,14:11:10,1.1,50,146200
20240208,14:11:16,1.1,50,146200
20240208,14:12:41,1.15,850,146200
20240208,14:13:06,1.15,200,146200
20240208,14:14:07,1.15,600,146200
20240208,14:14:16,1.15,2400,146200
20240208,14:14:41,1.15,750,148850
20240208,14:15:04,1.2,2000,148850
20240208,14:15:14,1.2,300,148850
20240208,14:15:49,1.15,250,148850
20240208,14:15:57,1.15,50,148850
20240208,14:16:21,1.15,1800,148850
20240208,14:18:07,1.15,500,149700
20240208,14:20:38,1.2,950,149700
20240208,14:21:28,1.2,50,149700
20240208,14:22:01,1.15,150,149700
20240208,14:22:08,1.15,100,149700
20240208,14:23:11,1.2,2850,149700
20240208,14:24:16,1.15,50,150750
20240208,14:24:49,1.15,700,150750
20240208,14:25:31,1.1,1800,150750
20240208,14:25:45,1.15,100,150750
20240208,14:26:29,1.2,4050,150750
20240208,14:26:38,1.2,1800,154050
20240208,14:26:48,1.2,300,154050
20240208,14:26:57,1.25,750,154050
20240208,14:27:23,1.25,2600,154050
20240208,14:27:32,1.25,200,154050
20240208,14:27:41,1.3,150,154050
20240208,14:27:49,1.25,200,154050
20240208,14:27:57,1.25,350,154050
20240208,14:28:05,1.25,150,154050
20240208,14:28:13,1.25,500,154050
20240208,14:28:21,1.25,600,154050
20240208,14:28:37,1.25,150,154050
20240208,14:28:45,1.25,100,154050
20240208,14:29:16,1.25,1900,154050
20240208,14:29:24,1.3,2300,154050
20240208,14:29:31,1.35,200,154050
20240208,14:29:38,1.35,700,154250
20240208,14:29:45,1.35,1650,154250
20240208,14:29:53,1.35,150,154250
20240208,14:30:00,1.35,100,154250
20240208,14:30:23,1.35,2550,154250
20240208,14:31:44,1.35,250,154250
20240208,14:32:03,1.35,1950,154250
20240208,14:32:36,1.35,300,154250
20240208,14:33:15,1.3,100,154800
20240208,14:33:23,1.35,50,154800
20240208,14:34:08,1.3,2250,154800
20240208,14:34:16,1.3,1200,154800
20240208,14:34:31,1.3,250,154800
20240208,14:34:38,1.25,400,154800
20240208,14:34:52,1.25,650,154800
20240208,14:35:15,1.25,1300,154800
20240208,14:35:39,1.25,750,155800
20240208,14:36:03,1.2,250,155800
20240208,14:36:12,1.3,1250,155800
20240208,14:36:35,1.3,1050,155800
20240208,14:37:03,1.4,3600,155800
20240208,14:37:13,1.45,11450,155800
20240208,14:37:22,1.55,5650,155800
20240208,14:37:30,1.55,700,155800
20240208,14:37:39,1.55,4400,155800
20240208,14:37:48,1.55,1750,155800
20240208,14:37:56,1.55,2200,155800
20240208,14:38:05,1.55,250,155800
20240208,14:38:23,1.5,850,155800
20240208,14:38:31,1.4,3700,155800
20240208,14:38:48,1.4,300,162450
20240208,14:39:07,1.35,1350,162450
20240208,14:39:16,1.35,250,162450
20240208,14:39:33,1.35,150,162450
20240208,14:39:42,1.35,700,162450
20240208,14:39:50,1.35,450,162450
20240208,14:39:59,1.35,850,162450
20240208,14:40:16,1.35,50,162450
20240208,14:40:41,1.35,700,162450
20240208,14:41:05,1.35,1450,162450
20240208,14:41:14,1.35,100,162450
20240208,14:42:13,1.35,1800,162450
20240208,14:42:22,1.3,100,162450
20240208,14:42:56,1.3,1550,162450
20240208,14:44:44,1.35,800,162150
20240208,14:44:52,1.35,3000,162150
20240208,14:44:59,1.35,700,162150
20240208,14:45:07,1.35,1000,162150
20240208,14:45:14,1.35,650,162150
20240208,14:45:23,1.35,250,162150
20240208,14:45:31,1.35,700,162150
20240208,14:45:38,1.35,300,162150
20240208,14:47:03,1.35,1850,162150
20240208,14:47:34,1.35,4550,160800
20240208,14:48:05,1.35,250,160800
20240208,14:48:12,1.35,550,160800
20240208,14:49:44,1.35,1550,160800
20240208,14:51:08,1.35,1500,161500
20240208,14:51:48,1.35,1150,161500
20240208,14:52:11,1.4,2450,161500
20240208,14:52:32,1.35,1650,161500
20240208,14:52:47,1.35,3000,161500
20240208,14:52:54,1.35,450,161500
20240208,14:53:17,1.45,2200,161500
20240208,14:53:47,1.4,800,159050
20240208,14:54:10,1.35,2450,159050
20240208,14:54:17,1.4,200,159050
20240208,14:54:40,1.4,700,159050
20240208,14:55:40,1.4,750,159050
20240208,14:59:19,1.4,2250,157800
20240208,14:59:36,1.4,250,157800
20240208,14:59:54,1.45,100,159300
20240208,15:00:03,1.4,200,159300
20240208,15:00:20,1.4,1800,159300
20240208,15:00:29,1.4,3150,159300
20240208,15:00:46,1.35,300,159300
20240208,15:00:55,1.35,1100,159300
20240208,15:01:06,1.35,900,159300
20240208,15:01:23,1.3,200,159300
20240208,15:01:41,1.35,700,159300
20240208,15:02:40,1.4,700,159300
20240208,15:02:50,1.4,150,159650
20240208,15:03:29,1.55,13100,159650
20240208,15:03:38,1.4,17500,159650
20240208,15:04:07,1.4,400,159650
20240208,15:04:25,1.4,200,159650
20240208,15:05:20,1.45,1050,159650
20240208,15:05:55,1.4,100,168600
20240208,15:06:39,1.4,1000,168600
20240208,15:06:48,1.4,550,168600
20240208,15:06:56,1.4,1200,168600
20240208,15:07:33,1.4,150,168600
20240208,15:07:42,1.4,550,168600
20240208,15:09:09,1.45,50,167050
20240208,15:09:27,1.45,100,167050
20240208,15:09:37,1.45,250,167050
20240208,15:09:55,1.4,2750,167050
20240208,15:10:12,1.4,100,167050
20240208,15:10:21,1.35,400,167050
20240208,15:10:29,1.35,250,167050
20240208,15:10:39,1.4,200,167050
20240208,15:11:13,1.35,400,167050
20240208,15:11:22,1.35,450,167050
20240208,15:11:30,1.35,2500,167050
20240208,15:11:55,1.4,250,164850
20240208,15:12:12,1.35,900,164850
20240208,15:12:20,1.35,700,164850
20240208,15:12:28,1.4,5800,164850
20240208,15:12:36,1.45,2200,164850
20240208,15:13:08,1.4,950,164850
20240208,15:13:16,1.45,350,164850
20240208,15:13:48,1.45,1700,164850
20240208,15:14:04,1.45,250,164850
20240208,15:14:13,1.45,750,164850
20240208,15:14:22,1.5,350,164850
20240208,15:14:56,1.5,100,158850
20240208,15:15:05,1.45,800,158850
20240208,15:15:13,1.45,50,158850
20240208,15:16:11,1.45,700,158850
20240208,15:16:27,1.45,250,158850
20240208,15:16:59,1.4,200,158850
20240208,15:17:46,1.4,1000,158700
20240208,15:17:54,1.4,1200,158700
20240208,15:18:02,1.5,105950,158700
20240208,15:19:59,1.5,1950,158700
20240208,15:20:09,1.5,50,158700
20240208,15:21:37,1.5,2200,257850
20240208,15:21:53,1.5,2600,257850
20240208,15:22:02,1.5,300,257850
20240208,15:22:35,1.45,1000,257850
20240208,15:22:44,1.45,1350,257850
20240208,15:22:52,1.45,50,257850
20240208,15:23:08,1.45,500,257850
20240208,15:23:16,1.45,2400,257850
20240208,15:23:23,1.45,50,257850
20240208,15:23:39,1.45,600,257850
20240208,15:23:46,1.45,100,259050
20240208,15:23:53,1.5,250,259050
20240208,15:24:01,1.5,7100,259050
20240208,15:24:08,1.5,300,259050
20240208,15:24:38,1.5,500,259050
20240208,15:25:09,1.45,1650,259050
20240208,15:25:34,1.45,4100,259050
20240208,15:25:42,1.45,4350,259050
20240208,15:26:14,1.45,200,259050
20240208,15:26:22,1.45,1900,259050
20240208,15:26:31,1.45,250,259050
20240208,15:26:40,1.45,1850,259050
20240208,15:26:47,1.45,450,256650
20240208,15:27:22,1.45,2300,256650
20240208,15:27:31,1.5,1200,256650
20240208,15:27:49,1.4,3850,256650
20240208,15:28:08,1.4,4750,256650
20240208,15:28:17,1.45,650,256650
20240208,15:28:36,1.5,200,256650
20240208,15:28:45,1.45,4650,256650
20240208,15:28:53,1.4,4350,256650
20240208,15:29:02,1.45,6400,256650
20240208,15:29:11,1.5,200,256650
20240208,15:29:19,1.45,1550,256650
20240208,15:29:27,1.55,1600,256650
20240208,15:29:37,1.5,450,256650
20240208,15:29:46,1.6,1250,256800
20240208,15:29:55,3.2,2800,256800
20240209,09:15:00,2.4,1,255100
20240209,09:15:00,2.4,250,255100
20240209,09:15:01,1.45,900,255100
20240209,09:15:02,1.5,250,255100
20240209,09:15:05,1.35,1250,255100
20240209,09:15:06,1.25,7800,255100
20240209,09:15:07,1.35,12400,255100
20240209,09:15:08,1.35,950,255100
20240209,09:15:09,1.35,100,255100
20240209,09:15:10,1.35,350,255100
20240209,09:15:13,1.35,50,255100
20240209,09:15:16,1.35,350,255100
20240209,09:15:18,1.3,4350,255100
20240209,09:15:22,1.3,50,255100
20240209,09:15:23,1.3,100,255100
20240209,09:15:24,1.3,950,255100
20240209,09:15:25,1.3,50,255100
20240209,09:15:27,1.3,100,255100
20240209,09:15:29,1.3,150,255100
20240209,09:15:29,1.3,250,255100
20240209,09:15:30,1.3,2350,255100
20240209,09:15:34,1.3,1150,255100
20240209,09:15:36,1.3,50,255100
20240209,09:15:37,1.25,50,255100
20240209,09:15:40,1.25,100,255100
20240209,09:15:41,1.3,500,255100
20240209,09:15:42,1.25,100,255100
20240209,09:15:44,1.3,250,255100
20240209,09:15:46,1.25,1750,255100
20240209,09:15:46,1.25,950,255100
20240209,09:15:48,1.25,100,255100
20240209,09:15:49,1.25,700,255100
20240209,09:15:53,1.25,50,255100
20240209,09:15:54,1.25,50,255100
20240209,09:15:56,1.25,1000,255100
20240209,09:16:07,1.3,550,255100
20240209,09:16:08,1.25,1800,255100
20240209,09:16:09,1.25,1100,255100
20240209,09:16:10,1.25,550,255100
20240209,09:16:11,1.2,250,255100
20240209,09:16:12,1.2,1350,255100
20240209,09:16:13,1.2,700,255100
20240209,09:16:16,1.25,1500,255100
20240209,09:16:17,1.25,1550,262500
20240209,09:16:19,1.25,4050,262500
20240209,09:16:20,1.3,250,262500
20240209,09:16:21,1.3,850,262500
20240209,09:16:23,1.3,200,262500
20240209,09:16:24,1.3,1100,262500
20240209,09:16:24,1.3,100,262500
20240209,09:16:25,1.3,550,262500
20240209,09:16:27,1.35,5350,262500
20240209,09:16:28,1.3,1200,262500
20240209,09:16:29,1.3,1750,262500
20240209,09:16:30,1.3,50,262500
20240209,09:16:31,1.3,5600,262500
20240209,09:16:32,1.3,2200,262500
20240209,09:16:33,1.35,900,262500
20240209,09:16:34,1.3,5750,262500
20240209,09:16:35,1.3,1450,262500
20240209,09:16:36,1.3,800,262500
20240209,09:16:37,1.35,200,262500
20240209,09:16:39,1.35,500,262500
20240209,09:16:44,1.35,100,262500
20240209,09:16:45,1.3,200,262500
20240209,09:16:52,1.3,3500,262500
20240209,09:17:01,1.3,7650,262500
20240209,09:17:02,1.3,1850,262500
20240209,09:17:06,1.3,50,262500
20240209,09:17:14,1.25,3250,262500
20240209,09:17:15,1.25,7900,262500
20240209,09:17:19,1.3,150,262500
20240209,09:17:26,1.25,1800,262500
20240209,09:17:32,1.25,2250,262500
20240209,09:17:35,1.25,500,262500
20240209,09:17:42,1.25,1900,262500
20240209,09:17:44,1.25,50,262500
20240209,09:18:02,1.2,2750,262500
20240209,09:18:02,1.2,1200,262500
20240209,09:18:03,1.2,1700,262500
20240209,09:18:05,1.2,50,262500
20240209,09:18:06,1.2,250,262500
20240209,09:18:07,1.2,50,262500
20240209,09:18:13,1.2,250,262500
20240209,09:18:27,1.2,250,262500
20240209,09:18:30,1.2,4800,262500
20240209,09:18:31,1.15,3600,262500
20240209,09:18:35,1.15,200,262500
20240209,09:18:37,1.15,50,262500
20240209,09:18:46,1.15,100,262500
20240209,09:18:46,1.15,1450,262500
20240209,09:18:48,1.15,3650,262500
20240209,09:18:51,1.15,50,262500
20240209,09:18:52,1.15,50,262500
20240209,09:18:56,1.15,1800,262500
20240209,09:19:00,1.1,50,262500
20240209,09:19:01,1.1,1800,262500
20240209,09:19:09,1.1,108900,262500
20240209,09:19:16,1.1,50,262500
20240209,09:19:20,1.15,50,175150
20240209,09:19:50,1.15,200,175150
20240209,09:19:59,1.15,100,175150
20240209,09:20:01,1.15,150,175150
20240209,09:20:12,1.15,50,175150
20240209,09:20:13,1.15,50,175150
20240209,09:20:14,1.15,200,175150
20240209,09:20:15,1.15,200,175150
20240209,09:20:16,1.15,200,175150
20240209,09:20:17,1.15,1200,175150
20240209,09:20:18,1.15,200,175150
20240209,09:20:19,1.15,300,175150
20240209,09:20:20,1.15,200,175150
20240209,09:20:21,1.15,200,175150
20240209,09:20:22,1.1,250,175150
20240209,09:20:23,1.15,200,175150
20240209,09:20:24,1.15,50,175150
20240209,09:20:25,1.15,4400,175150
20240209,09:20:26,1.15,5150,175150
20240209,09:20:27,1.2,200,175150
20240209,09:20:28,1.15,100,175150
20240209,09:20:29,1.2,50,175150
20240209,09:20:30,1.2,50,175150
20240209,09:20:31,1.2,450,175150
20240209,09:20:32,1.15,450,175150
20240209,09:20:33,1.2,200,175150
20240209,09:20:35,1.2,50,175150
20240209,09:20:36,1.2,50,175150
20240209,09:20:37,1.2,50,175150
20240209,09:20:38,1.2,50,175150
20240209,09:20:39,1.2,50,175150
20240209,09:20:40,1.2,50,175150
20240209,09:20:41,1.2,50,175150
20240209,09:20:42,1.2,50,175150
20240209,09:20:43,1.2,50,175150
20240209,09:20:44,1.2,50,175150
20240209,09:20:45,1.2,50,175150
20240209,09:20:46,1.2,50,175150
20240209,09:20:51,1.2,50,175150
20240209,09:20:52,1.2,50,175150
20240209,09:20:53,1.2,50,175150
20240209,09:20:54,1.2,50,175150
20240209,09:20:55,1.2,50,175150
20240209,09:20:59,1.2,50,175150
20240209,09:21:00,1.2,50,175150
20240209,09:21:01,1.2,50,175150
20240209,09:21:02,1.2,50,175150
20240209,09:21:03,1.2,450,175150
20240209,09:21:05,1.2,50,175150
20240209,09:21:06,1.2,100,175150
20240209,09:21:07,1.2,50,175150
20240209,09:21:10,1.15,1800,175150
20240209,09:21:12,1.15,1800,175150
20240209,09:21:24,1.15,1550,175150
20240209,09:21:26,1.2,1550,175150
20240209,09:21:27,1.15,1200,175150
20240209,09:21:28,1.2,50,175150
20240209,09:21:29,1.15,2050,175150
20240209,09:21:30,1.15,1800,175150
20240209,09:21:32,1.15,1400,175150
20240209,09:21:33,1.15,300,175150
20240209,09:21:34,1.15,600,175150
20240209,09:21:35,1.15,150,175150
20240209,09:21:36,1.1,800,175150
20240209,09:21:37,1.15,150,175150
20240209,09:21:38,1.1,550,175150
20240209,09:21:39,1.15,150,175150
20240209,09:21:40,1.1,550,175150
20240209,09:21:42,1.15,1300,175150
20240209,09:21:43,1.15,150,175150
20240209,09:21:44,1.1,200,175150
20240209,09:21:45,1.15,1000,175150
20240209,09:21:47,1.1,1050,175150
20240209,09:21:48,1.15,50,175150
20240209,09:22:05,1.15,50,175150
20240209,09:22:22,1.15,50,174300
20240209,09:22:35,1.1,750,174300
20240209,09:22:38,1.15,50,174300
20240209,09:23:09,1.1,50,174300
20240209,09:23:11,1.1,50,174300
20240209,09:23:15,1.1,150,174300
20240209,09:23:20,1.1,50,174300
20240209,09:23:21,1.1,50,174300
20240209,09:23:22,1.1,50,174300
20240209,09:23:25,1.1,3950,174300
20240209,09:23:26,1.05,100,174300
20240209,09:23:35,1.05,50,174300
20240209,09:23:42,1.05,50,174300
20240209,09:23:49,1.05,50,174300
20240209,09:23:52,1.05,150,174300
20240209,09:23:54,1.05,100,174300
20240209,09:24:02,1.05,50,174300
20240209,09:24:03,1.05,500,174300
20240209,09:24:04,1.1,650,174300
20240209,09:24:08,1.05,150,174300
20240209,09:24:38,1.1,4500,174300
20240209,09:24:41,1.1,50,174300
20240209,09:24:43,1.1,900,174300
20240209,09:25:24,1.05,1800,176800
20240209,09:25:54,1.1,250,176800
20240209,09:26:04,1.05,50,176800
20240209,09:26:49,1.05,50,176800
20240209,09:26:54,1.05,50,176800
20240209,09:27:17,1.05,50,176800
20240209,09:27:18,1.1,400,176800
20240209,09:27:25,1.05,50,176800
20240209,09:27:30,1.1,1000,176800
20240209,09:27:35,1.05,50,176800
20240209,09:27:43,1.1,50,176800
20240209,09:27:44,1.05,50,176800
20240209,09:27:51,1.05,200,176800
20240209,09:28:00,1.05,1550,176800
20240209,09:28:01,1.05,50,176800
20240209,09:28:08,1.05,50,176800
20240209,09:28:09,1.05,50,176800
20240209,09:28:11,1.1,50,176800
20240209,09:28:14,1.1,50,176800
20240209,09:28:15,1.1,50,176800
20240209,09:28:16,1.1,50,176800
20240209,09:28:17,1.1,50,176800
20240209,09:28:18,1.1,200,176800
20240209,09:28:19,1.1,200,180200
20240209,09:28:20,1.1,200,180200
20240209,09:28:21,1.1,200,180200
20240209,09:28:22,1.1,200,180200
20240209,09:28:23,1.1,200,180200
20240209,09:28:24,1.1,6850,180200
20240209,09:28:28,1.1,50,180200
20240209,09:28:29,1.1,50,180200
20240209,09:28:30,1.1,50,180200
20240209,09:28:31,1.1,50,180200
20240209,09:28:32,1.1,50,180200
20240209,09:28:33,1.1,200,180200
20240209,09:28:34,1.1,50,180200
20240209,09:28:35,1.1,50,180200
20240209,09:28:36,1.1,50,180200
20240209,09:28:37,1.1,50,180200
20240209,09:28:38,1.1,50,180200
20240209,09:28:39,1.1,2800,180200
20240209,09:28:40,1.1,150,180200
20240209,09:28:41,1.1,50,180200
20240209,09:28:42,1.1,50,180200
20240209,09:28:43,1.1,50,180200
20240209,09:28:44,1.1,50,180200
20240209,09:28:45,1.15,1350,180200
20240209,09:28:46,1.15,50,180200
20240209,09:28:47,1.15,200,180200
20240209,09:28:48,1.15,200,180200
20240209,09:28:51,1.15,50,180200
20240209,09:28:54,1.1,50,180200
20240209,09:28:59,1.1,50,180200
20240209,09:29:00,1.1,50,180200
20240209,09:29:04,1.15,50,180200
20240209,09:29:07,1.15,50,180200
20240209,09:29:08,1.15,50,180200
20240209,09:29:09,1.15,50,180200
20240209,09:29:10,1.15,50,180200
20240209,09:29:11,1.15,50,180200
20240209,09:29:14,1.1,250,180200
20240209,09:29:24,1.15,50,180200
20240209,09:29:26,1.15,50,180200
20240209,09:29:27,1.15,50,180200
20240209,09:29:28,1.15,50,180200
20240209,09:29:29,1.15,50,180200
20240209,09:29:30,1.15,50,180200
20240209,09:29:31,1.15,50,180200
20240209,09:29:32,1.15,50,180200
20240209,09:29:33,1.15,50,180200
20240209,09:29:34,1.15,50,180200
20240209,09:29:35,1.15,50,180200
20240209,09:29:36,1.15,50,180200
20240209,09:29:37,1.15,50,180200
20240209,09:29:38,1.15,50,180200
20240209,09:29:39,1.1,1500,180200
20240209,09:29:40,1.15,50,180200
20240209,09:29:44,1.15,50,180200
20240209,09:29:53,1.1,50,180200
20240209,09:30:04,1.15,50,180200
20240209,09:30:05,1.15,50,180200
20240209,09:30:06,1.15,50,180200
20240209,09:30:07,1.15,50,180200
20240209,09:30:08,1.15,50,180200
20240209,09:30:09,1.15,50,180200
20240209,09:30:10,1.15,50,180200
20240209,09:30:11,1.15,50,180200
20240209,09:30:12,1.15,50,180200
20240209,09:30:13,1.15,50,180200
20240209,09:30:14,1.15,50,180200
20240209,09:30:15,1.15,50,180200
20240209,09:30:16,1.15,50,180200
20240209,09:30:17,1.15,50,180200
20240209,09:30:18,1.15,50,180200
20240209,09:30:19,1.15,50,180200
20240209,09:30:20,1.15,50,180200
20240209,09:30:21,1.15,50,180200
20240209,09:30:22,1.15,50,180200
20240209,09:30:23,1.15,50,180200
20240209,09:30:24,1.15,50,180200
20240209,09:30:25,1.15,50,180200
20240209,09:30:27,1.15,100,180200
20240209,09:30:28,1.15,50,180200
20240209,09:30:29,1.15,50,180200
20240209,09:30:30,1.15,50,180200
20240209,09:30:31,1.15,50,180200
20240209,09:30:48,1.1,250,180200
20240209,09:30:53,1.1,1800,180200
20240209,09:30:54,1.1,300,180200
20240209,09:31:14,1.1,1800,180200
20240209,09:31:17,1.1,1800,180200
20240209,09:31:34,1.1,800,184150
20240209,09:31:50,1.1,50,184150
20240209,09:31:52,1.1,50,184150
20240209,09:32:00,1.1,100,184150
20240209,09:32:09,1.1,9000,184150
20240209,09:32:16,1.1,250,184150
20240209,09:32:45,1.1,300,184150
20240209,09:32:55,1.1,1800,184150
20240209,09:32:56,1.1,1800,184150
20240209,09:33:21,1.05,100,184150
20240209,09:33:48,1.1,200,184150
20240209,09:35:25,1.1,1500,185250
20240209,09:35:55,1.1,1000,185250
20240209,09:36:09,1.1,19150,185250
20240209,09:36:11,1.1,3450,185250
20240209,09:36:44,1.15,100,185250
20240209,09:36:46,1.15,100,185250
20240209,09:36:48,1.15,100,185250
20240209,09:36:50,1.15,100,185250
20240209,09:36:52,1.15,100,185250
20240209,09:36:57,1.1,50,185250
20240209,09:37:34,1.1,100,181850
20240209,09:37:39,1.1,50,181850
20240209,09:37:40,1.1,200,181850
20240209,09:37:41,1.1,200,181850
20240209,09:37:42,1.1,200,181850
20240209,09:37:43,1.1,200,181850
20240209,09:37:44,1.1,200,181850
20240209,09:37:45,1.1,200,181850
20240209,09:37:46,1.1,200,181850
20240209,09:37:48,1.15,150,181850
20240209,09:37:49,1.1,50,181850
20240209,09:37:50,1.1,150,181850
20240209,09:37:51,1.1,200,181850
20240209,09:37:52,1.1,400,181850
20240209,09:37:53,1.1,200,181850
20240209,09:37:54,1.15,50,181850
20240209,09:37:55,1.15,200,181850
20240209,09:37:56,1.1,50,181850
20240209,09:37:57,1.1,100,181850
20240209,09:37:58,1.15,200,181850
20240209,09:37:59,1.1,50,181850
20240209,09:38:00,1.15,200,181850
20240209,09:38:01,1.1,50,181850
20240209,09:38:02,1.1,250,181850
20240209,09:38:03,1.1,250,181850
20240209,09:38:04,1.1,350,181850
20240209,09:38:05,1.1,250,181850
20240209,09:38:06,1.1,200,181850
20240209,09:38:07,1.1,1400,181850
20240209,09:38:08,1.1,50,181850
20240209,09:38:09,1.1,50,181850
20240209,09:38:10,1.1,700,181850
20240209,09:38:11,1.1,50,181850
20240209,09:38:12,1.1,1550,181850
20240209,09:38:13,1.1,200,181850
20240209,09:38:14,1.1,400,181850
20240209,09:38:15,1.1,200,181850
20240209,09:38:16,1.1,50,181850
20240209,09:38:18,1.1,1800,181850
20240209,09:38:19,1.1,1800,181850
20240209,09:38:21,1.1,50,181850
20240209,09:38:22,1.1,50,181850
20240209,09:38:23,1.1,50,181850
20240209,09:38:24,1.1,4450,181850
20240209,09:38:25,1.05,50,181850
20240209,09:38:26,1.1,100,181850
20240209,09:38:30,1.05,50,181850
20240209,09:38:31,1.05,50,181850
20240209,09:38:32,1.05,50,181850
20240209,09:38:33,1.05,50,181850
20240209,09:38:34,1.05,50,181850
20240209,09:38:35,1.05,200,181850
20240209,09:38:36,1.05,200,181850
20240209,09:38:37,1.05,200,181850
20240209,09:38:40,1.05,50,181850
20240209,09:38:41,1.05,50,181850
20240209,09:38:42,1.05,50,181850
20240209,09:38:43,1.05,200,181850
20240209,09:38:44,1.05,200,181850
20240209,09:38:45,1.05,50,181850
20240209,09:38:46,1.05,50,181850
20240209,09:38:58,1.05,100,181850
20240209,09:39:37,1.1,550,181850
20240209,09:39:39,1.1,50,181850
20240209,09:39:40,1.1,5950,181850
20240209,09:39:41,1.1,200,181850
20240209,09:39:42,1.1,400,181850
20240209,09:39:50,1.1,50,181850
20240209,09:39:52,1.05,2100,181850
20240209,09:39:53,1.05,50,181850
20240209,09:39:54,1.05,50,181850
20240209,09:39:55,1.05,50,181850
20240209,09:39:56,1.05,50,181850
20240209,09:39:57,1.05,200,181850
20240209,09:39:58,1.05,200,181850
20240209,09:39:59,1.05,200,181850
20240209,09:40:06,1.1,2150,181850
20240209,09:40:07,1.05,200,181850
20240209,09:40:10,1.05,200,181850
20240209,09:40:10,1.1,50,181850
20240209,09:40:11,1.05,150,181850
20240209,09:40:12,1.05,150,181850
20240209,09:40:13,1.1,9150,181850
20240209,09:40:14,1.05,150,181850
20240209,09:40:15,1.15,6500,181850
20240209,09:40:16,1.1,200,181850
20240209,09:40:17,1.1,550,181850
20240209,09:40:18,1.1,150,181850
20240209,09:40:19,1.1,1250,181850
20240209,09:40:20,1.1,150,181850
20240209,09:40:21,1.1,150,195600
20240209,09:40:22,1.1,150,195600
20240209,09:40:23,1.1,150,195600
20240209,09:40:24,1.05,9700,195600
20240209,09:40:25,1.05,150,195600
20240209,09:40:26,1.05,150,195600
20240209,09:40:27,1.05,150,195600
20240209,09:40:35,1.1,150,195600
20240209,09:40:46,1.1,150,195600
20240209,09:40:56,1.1,50,195600
20240209,09:41:01,1.1,150,195600
20240209,09:41:04,1.1,150,195600
20240209,09:41:23,1.1,50,195600
20240209,09:41:33,1.1,150,195600
20240209,09:41:59,1.05,850,195600
20240209,09:41:59,1.1,9000,195600
20240209,09:42:00,1.1,10950,195600
20240209,09:42:01,1.1,250,195600
20240209,09:42:02,1.1,250,195600
20240209,09:42:07,1.1,100,195600
20240209,09:42:07,1.1,50,195600
20240209,09:42:08,1.1,150,195600
20240209,09:42:10,1.1,250,195600
20240209,09:42:13,1.1,9150,195600
20240209,09:42:17,1.1,50,195600
20240209,09:42:23,1.1,250,195600
20240209,09:42:54,1.05,1800,195600
20240209,09:43:11,1.05,1800,195600
20240209,09:43:13,1.1,50,195600
20240209,09:43:15,1.1,50,195600
20240209,09:43:21,1.1,150,195600
20240209,09:43:51,1.1,50,199750
20240209,09:43:52,1.1,150,199750
20240209,09:44:15,1.1,150,199750
20240209,09:45:06,1.1,50,199750
20240209,09:45:24,1.1,50,199750
20240209,09:45:30,1.1,50,199750
20240209,09:46:23,1.05,50,199750
20240209,09:48:12,1.1,1800,199900
20240209,09:48:58,1.05,50,199900
20240209,09:49:03,1.1,50,199900
20240209,09:49:09,1.1,250,199900
20240209,09:51:27,1.1,200,201700
20240209,09:51:45,1.1,2000,201700
20240209,09:51:45,1.1,1150,201700
20240209,09:51:51,1.1,850,201700
20240209,09:51:52,1.1,400,201700
20240209,09:51:55,1.1,1850,201700
20240209,09:51:56,1.1,1800,201700
20240209,09:51:59,1.1,50,201700
20240209,09:52:04,1.1,850,201700
20240209,09:52:06,1.1,20800,201700
20240209,09:52:07,1.1,200,201700
20240209,09:52:20,1.15,50,201700
20240209,09:52:21,1.15,50,201700
20240209,09:52:24,1.15,50,201300
20240209,09:52:28,1.1,450,201300
20240209,09:52:29,1.1,600,201300
20240209,09:52:30,1.1,2200,201300
20240209,09:52:34,1.05,50,201300
20240209,09:52:49,1.05,850,201300
20240209,09:53:02,1.1,50,201300
20240209,09:53:03,1.1,50,201300
20240209,09:53:04,1.1,50,201300
20240209,09:53:05,1.1,50,201300
20240209,09:53:12,1.1,50,201300
20240209,09:53:13,1.1,50,201300
20240209,09:53:14,1.1,50,201300
20240209,09:53:15,1.1,50,201300
20240209,09:53:17,1.1,50,201300
20240209,09:53:18,1.1,50,201300
20240209,09:53:19,1.1,50,201300
20240209,09:53:20,1.1,50,201300
20240209,09:53:21,1.1,50,201300
20240209,09:53:22,1.1,50,201300
20240209,09:53:23,1.1,50,201300
20240209,09:53:24,1.1,50,201300
20240209,09:53:25,1.1,50,201300
20240209,09:53:26,1.1,50,201300
20240209,09:53:27,1.1,50,201300
20240209,09:53:28,1.1,50,201300
20240209,09:53:29,1.1,50,201300
20240209,09:53:30,1.1,50,201300
20240209,09:53:31,1.1,50,201300
20240209,09:53:47,1.1,50,201300
20240209,09:53:48,1.1,50,201300
20240209,09:53:57,1.1,100,201300
20240209,09:54:04,1.1,50,201300
20240209,09:54:05,1.1,50,201300
20240209,09:54:06,1.1,50,201300
20240209,09:54:07,1.1,50,201300
20240209,09:54:08,1.1,50,201300
20240209,09:54:10,1.1,100,201300
20240209,09:54:11,1.1,50,201300
20240209,09:54:12,1.1,50,201300
20240209,09:54:13,1.1,50,201300
20240209,09:54:14,1.1,50,201300
20240209,09:54:16,1.1,100,201300
20240209,09:54:17,1.1,100,201300
20240209,09:54:18,1.1,100,201300
20240209,09:54:19,1.1,100,201300
20240209,09:54:20,1.1,100,201300
20240209,09:54:21,1.1,150,201300
20240209,09:54:22,1.1,150,201300
20240209,09:54:23,1.1,150,201300
20240209,09:54:24,1.1,150,201300
20240209,09:54:26,1.15,8250,201300
20240209,09:54:27,1.15,150,201300
20240209,09:54:28,1.15,150,201300
20240209,09:54:30,1.15,300,201300
20240209,09:55:04,1.1,50,201300
20240209,09:55:05,1.1,50,201300
20240209,09:55:06,1.1,50,201300
20240209,09:55:07,1.1,50,201300
20240209,09:55:09,1.1,1500,201300
20240209,09:55:25,1.1,150,201300
20240209,09:55:30,1.1,100,201750
20240209,09:55:54,1.1,50,201750
20240209,09:55:59,1.1,50,201750
20240209,09:56:00,1.1,50,201750
20240209,09:56:01,1.1,50,201750
20240209,09:56:03,1.1,100,201750
20240209,09:56:04,1.1,50,201750
20240209,09:56:05,1.1,50,201750
20240209,09:56:06,1.1,250,201750
20240209,09:56:07,1.1,6000,201750
20240209,09:56:17,1.15,50,201750
20240209,09:56:19,1.15,50,201750
20240209,09:56:20,1.1,5200,201750
20240209,09:56:42,1.1,50,201750
20240209,09:58:24,1.05,550,201750
20240209,09:58:44,1.05,50,200600
20240209,09:58:56,1.05,1800,200600
20240209,09:59:27,1.05,50,200600
20240209,09:59:28,1.05,200,200600
20240209,09:59:29,1.05,200,200600
20240209,09:59:30,1.05,200,200600
20240209,09:59:31,1.05,200,200600
20240209,09:59:32,1.05,200,200600
20240209,09:59:33,1.05,200,200600
20240209,09:59:34,1.05,50,200600
20240209,09:59:35,1.05,50,200600
20240209,09:59:36,1.05,200,200600
20240209,09:59:37,1.05,250,200600
20240209,09:59:38,1.05,200,200600
20240209,09:59:47,1.05,200,200600
20240209,09:59:48,1.05,200,200600
20240209,09:59:49,1.05,150,200600
20240209,09:59:54,1.05,150,200600
20240209,09:59:55,1.05,150,200600
20240209,09:59:56,1.05,150,200600
20240209,10:00:03,1.05,150,200600
20240209,10:00:04,1.05,150,200600
20240209,10:00:05,1.05,150,200600
20240209,10:00:06,1.05,150,200600
20240209,10:00:07,1.05,150,200600
20240209,10:00:08,1.05,150,200600
