date,time,tick_price,volume,open_interest
20240221,09:35:00,0.35,50,1100
20240221,09:35:42,0.45,50,1100
20240221,09:36:08,0.45,900,1100
20240221,09:36:25,0.45,50,1100
20240221,09:36:39,0.4,50,1100
20240221,09:37:40,0.4,50,1100
20240221,09:37:52,0.4,50,1100
20240221,09:38:02,0.4,50,1100
20240221,09:38:08,0.4,450,1100
20240221,09:38:14,0.4,50,1100
20240221,09:39:00,0.4,250,1100
20240221,09:39:06,0.4,400,1100
20240221,09:39:22,0.4,400,1100
20240221,09:39:24,0.45,2650,1100
20240221,09:40:25,0.4,850,5100
20240221,09:46:05,0.45,750,5100
20240221,09:47:15,0.45,50,4450
20240221,09:48:09,0.45,100,4450
20240221,09:52:30,0.4,1800,5250
20240221,09:52:31,0.4,1100,5250
20240221,09:52:44,0.4,50,5250
20240221,09:52:52,0.4,50,5250
20240221,09:53:38,0.4,50,5250
20240221,09:56:08,0.4,50,5250
20240221,09:56:08,0.4,50,5650
20240221,09:56:27,0.4,500,5650
20240221,10:00:55,0.4,50,6250
20240221,10:04:49,0.4,500,6300
20240221,10:06:29,0.4,50,6300
20240221,10:18:19,0.4,1350,6850
20240221,10:18:19,0.45,2450,6850
20240221,10:18:20,0.5,2000,6850
20240221,10:20:40,0.5,450,12150
20240221,10:21:38,0.5,650,12150
20240221,10:23:29,0.45,50,12150
20240221,10:23:31,0.45,50,11950
20240221,10:23:39,0.45,100,11950
20240221,10:25:42,0.45,100,11950
20240221,10:28:13,0.45,700,11950
20240221,10:28:28,0.5,50,11950
20240221,10:29:46,0.4,50,11950
20240221,10:33:43,0.5,150,11950
20240221,10:34:35,0.4,450,11400
20240221,10:39:12,0.5,50,10950
20240221,10:39:50,0.45,50,10950
20240221,10:41:16,0.45,50,10950
20240221,10:42:44,0.45,50,10950
20240221,10:42:45,0.45,50,10950
20240221,10:44:14,0.4,700,10950
20240221,10:44:22,0.5,50,10900
20240221,10:45:10,0.5,1900,10900
20240221,10:45:16,0.45,50,10900
20240221,10:45:59,0.4,50,10900
20240221,10:46:16,0.45,1050,12850
20240221,10:46:47,0.45,800,12850
20240221,10:46:50,0.45,300,12850
20240221,10:52:58,0.45,50,12850
20240221,10:53:14,0.45,50,13050
20240221,10:54:19,0.5,100,13050
20240221,11:00:03,0.5,300,13150
20240221,11:01:01,0.45,250,13150
20240221,11:01:23,0.45,250,13450
20240221,11:02:07,0.5,500,13450
20240221,11:04:00,0.5,50,13450
20240221,11:08:05,0.45,250,13450
20240221,11:08:54,0.5,50,14100
20240221,11:10:02,0.45,250,14100
20240221,11:10:05,0.45,150,14100
20240221,11:27:09,0.5,50,14100
20240221,11:28:50,0.45,100,14250
20240221,11:29:52,0.45,500,14300
20240221,11:30:24,0.45,250,14300
20240221,11:32:13,0.45,250,14300
20240221,11:40:07,0.45,50,14200
20240221,11:40:27,0.4,50,14200
20240221,11:40:37,0.45,50,14250
20240221,11:40:43,0.4,50,14250
20240221,11:40:57,0.45,50,14250
20240221,11:41:04,0.4,50,14250
20240221,11:41:27,0.4,50,14250
20240221,11:41:55,0.4,50,14250
20240221,11:42:12,0.45,900,14250
20240221,11:42:36,0.45,100,14250
20240221,11:50:09,0.45,50,15000
20240221,11:51:17,0.45,50,15000
20240221,11:53:29,0.45,100,15000
20240221,11:54:43,0.4,1800,15100
20240221,11:54:44,0.4,800,15100
20240221,11:55:28,0.35,2900,15200
20240221,11:56:42,0.35,1800,15200
20240221,11:57:45,0.4,100,15200
20240221,12:02:11,0.3,50,16250
20240221,12:03:56,0.3,200,16250
20240221,12:06:10,0.4,100,16450
20240221,12:07:51,0.3,200,16550
20240221,12:08:43,0.35,850,16550
20240221,12:08:51,0.4,50,16550
20240221,12:11:35,0.35,50,15750
20240221,12:12:35,0.3,50,15750
20240221,12:12:43,0.35,50,15750
20240221,12:13:16,0.4,50,15750
20240221,12:13:20,0.4,50,15750
20240221,12:15:37,0.3,50,15750
20240221,12:15:41,0.4,50,15750
20240221,12:18:42,0.3,50,15750
20240221,12:19:47,0.3,100,15850
20240221,12:26:05,0.35,50,15850
20240221,12:33:38,0.3,50,15850
20240221,12:34:14,0.3,50,15850
20240221,12:41:24,0.35,50,15950
20240221,12:43:57,0.3,50,15950
20240221,12:46:16,0.35,50,15950
20240221,12:46:26,0.3,50,15950
20240221,12:46:32,0.35,50,15950
20240221,12:46:37,0.3,50,15950
20240221,12:46:44,0.35,50,15950
20240221,12:46:52,0.35,50,15950
20240221,12:46:54,0.3,50,15950
20240221,12:51:01,0.35,50,15950
20240221,12:51:47,0.35,50,15950
20240221,12:51:51,0.3,50,15950
20240221,12:51:58,0.35,100,15950
20240221,12:52:34,0.35,50,15950
20240221,12:52:43,0.3,50,15950
20240221,12:52:49,0.35,50,15950
20240221,12:55:48,0.35,50,15950
20240221,12:56:22,0.3,50,15950
20240221,12:59:28,0.35,250,15950
20240221,13:00:40,0.3,100,15950
20240221,13:00:57,0.3,250,15950
20240221,13:03:39,0.35,50,15950
20240221,13:07:03,0.35,550,16100
20240221,13:07:04,0.4,800,16150
20240221,13:07:05,0.4,300,16150
20240221,13:07:06,0.45,1250,16150
20240221,13:08:18,0.4,50,16150
20240221,13:08:25,0.35,500,15700
20240221,13:08:26,0.3,2450,15700
20240221,13:09:55,0.35,50,15700
20240221,13:10:12,0.35,50,15700
20240221,13:10:22,0.35,50,15700
20240221,13:10:33,0.35,100,15700
20240221,13:18:20,0.35,150,17950
20240221,13:29:47,0.3,550,17950
20240221,13:30:17,0.3,50,17950
20240221,13:30:18,0.3,100,17950
20240221,13:30:30,0.3,250,17950
20240221,13:30:42,0.3,50,17950
20240221,13:30:46,0.3,50,17950
20240221,13:31:20,0.3,50,17950
20240221,13:31:40,0.3,50,17950
20240221,13:31:44,0.3,50,17000
20240221,13:31:54,0.3,50,17000
20240221,13:32:19,0.3,50,17000
20240221,13:32:19,0.3,100,17000
20240221,13:33:01,0.3,50,17000
20240221,13:33:25,0.3,50,17000
20240221,13:42:01,0.25,50,17000
20240221,13:42:08,0.25,50,17000
20240221,13:44:24,0.3,600,17000
20240221,13:44:29,0.3,250,17000
20240221,13:45:17,0.35,100,17000
20240221,14:00:47,0.45,800,17000
20240221,14:00:48,0.45,2100,17050
20240221,14:00:49,0.5,500,17050
20240221,14:01:08,0.4,50,17050
20240221,14:01:21,0.35,50,17050
20240221,14:01:38,0.4,50,17050
20240221,14:01:59,0.4,550,17150
20240221,14:02:00,0.4,100,17150
20240221,14:02:02,0.4,200,17150
20240221,14:02:17,0.4,150,17150
20240221,14:02:19,0.4,50,17150
20240221,14:02:21,0.4,50,17150
20240221,14:02:32,0.4,50,17150
20240221,14:02:58,0.4,50,17150
20240221,14:02:59,0.4,1050,17150
20240221,14:03:01,0.4,1500,17150
20240221,14:06:57,0.4,100,17150
20240221,14:23:40,0.4,250,20150
20240221,14:23:54,0.4,250,20050
20240221,14:24:02,0.4,250,20050
20240221,14:24:06,0.4,250,20050
20240221,14:24:20,0.4,250,20050
20240221,14:24:21,0.4,550,20050
20240221,14:24:43,0.45,450,20050
20240221,14:24:44,0.45,1400,20050
20240221,14:25:43,0.4,250,20050
20240221,14:25:44,0.35,2650,22850
20240221,14:25:48,0.4,1100,22850
20240221,14:26:02,0.4,450,22850
20240221,14:26:09,0.4,250,22850
20240221,14:26:14,0.4,50,22850
20240221,14:26:24,0.4,50,22850
20240221,14:26:26,0.4,50,22850
20240221,14:26:29,0.4,50,22850
20240221,14:27:01,0.4,700,22850
20240221,14:27:53,0.4,150,22850
20240221,14:28:29,0.45,300,22850
20240221,14:28:34,0.45,500,22850
20240221,14:29:05,0.45,100,22850
20240221,14:29:17,0.45,50,25700
20240221,14:29:32,0.45,100,25700
20240221,14:29:41,0.35,50,25700
20240221,14:30:47,0.4,250,25700
20240221,14:31:56,0.35,50,25700
20240221,14:32:26,0.35,600,26150
20240221,14:34:03,0.4,50,26150
20240221,14:34:41,0.3,50,26150
20240221,14:36:39,0.4,250,26000
20240221,14:36:39,0.4,50,26000
20240221,14:37:31,0.4,350,26000
20240221,14:38:25,0.35,300,26000
20240221,14:38:58,0.4,50,25950
20240221,14:39:20,0.4,200,25950
20240221,14:41:14,0.4,350,25850
20240221,14:43:29,0.45,250,25850
20240221,14:45:48,0.45,150,26000
20240221,14:46:00,0.4,50,26000
20240221,14:49:14,0.5,150,25800
20240221,14:50:15,0.5,2050,25950
20240221,14:50:38,0.55,300,25950
20240221,14:50:53,0.55,100,25950
20240221,14:51:44,0.45,100,25950
20240221,14:52:19,0.45,50,25950
20240221,14:53:50,0.5,350,25950
20240221,14:54:54,0.45,1650,27300
20240221,14:55:01,0.45,150,27300
20240221,14:56:03,0.45,250,27300
20240221,14:56:30,0.4,50,29050
20240221,14:56:42,0.4,1800,29050
20240221,14:56:46,0.4,2050,29050
20240221,14:56:51,0.4,950,29050
20240221,14:57:00,0.4,150,29050
20240221,14:57:40,0.45,1800,29050
20240221,14:57:41,0.45,2300,29050
20240221,14:57:43,0.45,100,29050
20240221,14:57:44,0.45,50,29050
20240221,14:57:45,0.5,1800,29050
20240221,14:57:47,0.5,1150,29050
20240221,14:57:49,0.5,1800,29050
20240221,14:57:53,0.45,250,29050
20240221,14:57:54,0.5,150,29050
20240221,14:57:55,0.5,300,29050
20240221,14:57:56,0.45,150,29050
20240221,14:57:58,0.5,450,29050
20240221,14:58:00,0.5,250,29050
20240221,14:58:01,0.5,500,29050
20240221,14:58:04,0.5,250,29050
20240221,14:58:05,0.5,100,29050
20240221,14:58:06,0.5,50,29050
20240221,14:58:07,0.5,800,29050
20240221,14:58:08,0.5,100,29050
20240221,14:58:09,0.45,1200,29050
20240221,14:58:10,0.45,250,29050
20240221,14:58:11,0.45,450,29050
20240221,14:58:13,0.45,50,29050
20240221,14:58:15,0.45,450,29050
20240221,14:58:20,0.5,150,29050
20240221,14:58:22,0.45,350,29050
20240221,14:58:26,0.45,250,29050
20240221,14:58:31,0.5,150,29050
20240221,14:58:34,0.45,50,29050
20240221,14:58:41,0.4,50,29050
20240221,14:58:42,0.45,100,29050
20240221,14:58:44,0.45,50,44250
20240221,14:58:45,0.45,800,44250
20240221,14:58:46,0.45,50,44250
20240221,14:58:49,0.4,50,44250
20240221,14:58:51,0.5,200,44250
20240221,14:59:04,0.4,50,44250
20240221,14:59:06,0.45,50,44250
20240221,14:59:13,0.4,600,44250
20240221,14:59:57,0.45,450,44250
20240221,15:00:03,0.5,600,44250
20240221,15:00:03,0.45,650,44250
20240221,15:00:30,0.45,1800,44250
20240221,15:00:32,0.5,600,44250
20240221,15:00:48,0.5,100,44250
20240221,15:00:58,0.45,50,44250
20240221,15:01:42,0.5,250,44250
20240221,15:01:43,0.5,600,44250
20240221,15:01:46,0.5,250,47800
20240221,15:01:48,0.5,750,47800
20240221,15:01:55,0.45,50,47800
20240221,15:02:57,0.5,5000,47800
20240221,15:03:08,0.5,500,47800
20240221,15:03:14,0.5,50,47800
20240221,15:03:17,0.5,300,47800
20240221,15:03:18,0.5,50,47800
20240221,15:03:19,0.5,1050,47800
20240221,15:03:21,0.5,50,47800
20240221,15:03:23,0.5,50,47800
20240221,15:03:25,0.5,50,47800
20240221,15:03:37,0.5,50,47800
20240221,15:03:44,0.5,2700,47800
20240221,15:03:44,0.5,11150,47800
20240221,15:03:57,0.45,50,47800
20240221,15:03:58,0.5,450,47800
20240221,15:03:59,0.45,150,47800
20240221,15:04:01,0.5,750,47800
20240221,15:04:02,0.5,50,47800
20240221,15:04:03,0.5,250,47800
20240221,15:04:04,0.5,100,47800
20240221,15:04:13,0.5,150,47800
20240221,15:04:14,0.5,150,47800
20240221,15:04:27,0.55,5600,47800
20240221,15:04:54,0.55,3000,47800
20240221,15:04:56,0.55,300,73000
20240221,15:04:57,0.55,300,73000
20240221,15:05:00,0.55,1500,73000
20240221,15:05:02,0.5,1800,73000
20240221,15:05:03,0.5,1800,73000
20240221,15:05:04,0.5,2200,73000
20240221,15:05:12,0.45,1800,73000
20240221,15:05:13,0.45,2150,73000
20240221,15:05:17,0.45,650,73000
20240221,15:06:14,0.45,500,73000
20240221,15:06:19,0.4,500,73000
20240221,15:07:51,0.45,50,76300
20240221,15:07:54,0.35,900,76300
20240221,15:08:08,0.35,100,76300
20240221,15:08:10,0.35,50,76300
20240221,15:08:11,0.35,1000,76300
20240221,15:08:13,0.35,450,76300
20240221,15:09:15,0.3,7650,76300
20240221,15:09:16,0.3,350,76300
20240221,15:09:44,0.3,1100,76300
20240221,15:09:55,0.3,1000,76300
20240221,15:09:56,0.3,900,76300
20240221,15:10:21,0.3,1500,76300
20240221,15:10:32,0.3,1450,76300
20240221,15:10:32,0.3,350,76300
20240221,15:10:38,0.3,300,76300
20240221,15:10:38,0.3,1500,76300
20240221,15:10:44,0.25,150,76300
20240221,15:10:47,0.3,750,66550
20240221,15:10:48,0.3,350,66550
20240221,15:10:50,0.3,300,66550
20240221,15:11:13,0.3,50,66550
20240221,15:11:15,0.3,50,66550
20240221,15:11:16,0.3,50,66550
20240221,15:11:18,0.3,100,66550
20240221,15:11:23,0.3,1500,66550
20240221,15:11:26,0.3,900,66550
20240221,15:11:34,0.3,1000,66550
20240221,15:11:55,0.25,1800,66550
20240221,15:11:58,0.25,1800,66550
20240221,15:12:01,0.25,1800,66550
20240221,15:12:14,0.25,50,66550
20240221,15:12:50,0.25,150,66550
20240221,15:14:38,0.25,50,61900
20240221,15:15:43,0.25,3000,61900
20240221,15:16:01,0.2,2400,61900
20240221,15:16:05,0.2,350,61900
20240221,15:16:14,0.2,350,61900
20240221,15:16:23,0.15,4100,61900
20240221,15:16:26,0.15,850,61900
20240221,15:16:53,0.2,300,58850
20240221,15:16:54,0.2,250,58850
20240221,15:17:00,0.2,250,58850
20240221,15:17:01,0.2,350,58850
20240221,15:17:02,0.2,250,58850
20240221,15:17:06,0.2,400,58850
20240221,15:17:09,0.2,250,58850
20240221,15:17:11,0.2,250,58850
20240221,15:17:31,0.2,700,58850
20240221,15:17:38,0.25,50,58850
20240221,15:17:43,0.15,2000,58850
20240221,15:18:18,0.2,700,58850
20240221,15:19:20,0.2,1300,58850
20240221,15:19:30,0.25,1800,58850
20240221,15:19:45,0.25,1800,58850
20240221,15:19:46,0.25,1800,58850
20240221,15:19:47,0.25,3300,60650
20240221,15:19:48,0.25,700,60650
20240221,15:21:06,0.3,250,60650
20240221,15:21:06,0.25,250,60650
20240221,15:21:07,0.25,150,60650
20240221,15:21:08,0.3,150,60650
20240221,15:21:09,0.3,150,60650
20240221,15:21:11,0.3,200,60650
20240221,15:21:12,0.3,150,60650
20240221,15:21:15,0.3,350,60650
20240221,15:21:22,0.2,50,60650
20240221,15:22:34,0.2,200,60650
20240221,15:23:07,0.3,1100,61700
20240221,15:23:33,0.3,50,61700
20240221,15:24:00,0.25,250,61700
20240221,15:25:45,0.25,50,61700
20240221,15:25:51,0.25,1800,62250
20240221,15:26:01,0.25,50,62250
20240221,15:26:06,0.25,150,62250
20240221,15:26:17,0.25,200,62250
20240221,15:26:21,0.25,50,62250
20240221,15:26:35,0.25,200,62250
20240221,15:26:43,0.25,200,62250
20240221,15:27:47,0.25,100,62250
20240221,15:28:01,0.3,300,62250
20240221,15:28:23,0.3,900,62250
20240221,15:28:39,0.3,700,62250
20240221,15:28:46,0.35,750,62250
20240221,15:29:00,0.25,50,62250
20240221,15:29:17,0.25,350,62450
20240221,15:29:22,0.25,50,62450
20240221,15:29:23,0.3,500,62450
20240221,15:29:24,0.3,600,62450
20240221,15:29:33,0.4,1350,62450
20240221,15:29:36,0.4,3900,62450
20240222,09:15:01,0.3,1,68000
20240222,09:15:01,0.3,850,68000
20240222,09:15:03,0.2,2300,68000
20240222,09:15:05,0.2,750,68000
20240222,09:15:05,0.3,300,68000
20240222,09:15:07,0.3,500,68000
20240222,09:15:09,0.3,1800,68000
20240222,09:15:10,0.3,50,68000
20240222,09:15:17,0.15,100,68000
20240222,09:15:20,0.15,1800,68000
20240222,09:15:22,0.15,7200,68000
20240222,09:15:40,0.15,1800,68000
20240222,09:15:54,0.15,1800,81350
20240222,09:15:56,0.15,1800,81350
20240222,09:15:57,0.15,1800,81350
20240222,09:15:58,0.15,1800,81350
20240222,09:15:59,0.15,1700,81350
20240222,09:16:01,0.15,1300,81350
20240222,09:16:06,0.1,1800,81350
20240222,09:16:12,0.1,3450,81350
20240222,09:16:14,0.1,1800,81350
20240222,09:16:32,0.1,50,81350
20240222,09:17:16,0.15,50,81350
20240222,09:17:18,0.15,50,81350
20240222,09:17:23,0.15,1100,81350
20240222,09:17:30,0.15,3600,81350
20240222,09:17:38,0.15,50,81350
20240222,09:17:40,0.15,1000,81350
20240222,09:17:44,0.15,400,81350
20240222,09:17:58,0.2,200,81350
20240222,09:18:25,0.2,200,81350
20240222,09:18:33,0.15,50,81350
20240222,09:18:55,0.15,1000,81350
20240222,09:18:56,0.15,900,72250
20240222,09:19:00,0.2,400,72250
20240222,09:19:02,0.15,1050,72250
20240222,09:19:04,0.2,50,72250
20240222,09:19:09,0.2,50,72250
20240222,09:19:36,0.15,50,72250
20240222,09:20:01,0.15,50,72250
20240222,09:20:14,0.2,750,72250
20240222,09:20:37,0.15,5550,72250
20240222,09:20:38,0.15,450,72250
20240222,09:20:44,0.2,450,72250
20240222,09:20:57,0.2,1000,72250
20240222,09:21:53,0.15,50,72250
20240222,09:21:57,0.2,1800,69650
20240222,09:22:25,0.15,1800,69650
20240222,09:22:26,0.15,1800,69650
20240222,09:22:27,0.15,3600,69650
20240222,09:22:33,0.2,50,69650
20240222,09:22:51,0.15,1800,69650
20240222,09:23:06,0.15,9000,69650
20240222,09:23:33,0.15,50,69650
20240222,09:23:43,0.2,350,69650
20240222,09:23:57,0.15,2000,69650
20240222,09:24:10,0.2,200,69650
20240222,09:26:01,0.15,1800,76500
20240222,09:26:15,0.15,50,76500
20240222,09:26:16,0.15,100,76500
20240222,09:26:20,0.15,700,76500
20240222,09:26:23,0.15,100,76500
20240222,09:26:28,0.15,50,76500
20240222,09:26:30,0.15,100,76500
20240222,09:26:43,0.15,1650,76500
20240222,09:27:00,0.15,2900,76500
20240222,09:27:06,0.15,1400,76500
20240222,09:27:12,0.1,1800,76500
20240222,09:27:50,0.15,1800,76500
20240222,09:27:52,0.15,50,74950
20240222,09:28:10,0.1,1800,74950
20240222,09:28:37,0.15,2500,74950
20240222,09:29:52,0.2,50,74950
20240222,09:30:03,0.2,250,74950
20240222,09:30:04,0.15,300,74950
20240222,09:30:13,0.2,100,74950
20240222,09:30:25,0.2,50,74950
20240222,09:31:06,0.15,800,76750
20240222,09:31:12,0.15,250,76750
20240222,09:31:53,0.2,250,76750
20240222,09:32:28,0.2,200,76750
20240222,09:32:59,0.2,50,76750
20240222,09:33:30,0.15,900,76750
20240222,09:33:37,0.2,500,76750
20240222,09:33:56,0.15,50,77350
20240222,09:33:57,0.2,50,77350
20240222,09:34:39,0.15,400,77350
20240222,09:34:57,0.15,250,77350
20240222,09:34:57,0.15,800,77350
20240222,09:35:30,0.15,300,77350
20240222,09:35:46,0.2,200,77350
20240222,09:35:54,0.15,50,77350
20240222,09:35:55,0.15,2000,77350
20240222,09:36:00,0.15,1650,77350
20240222,09:36:01,0.15,1350,77350
20240222,09:36:02,0.2,50,77350
20240222,09:36:30,0.15,2000,77350
20240222,09:36:31,0.15,2000,77350
20240222,09:36:37,0.15,1000,77350
20240222,09:36:52,0.15,50,77350
20240222,09:36:57,0.2,500,88050
20240222,09:37:09,0.2,200,88050
20240222,09:37:23,0.2,300,88050
20240222,09:37:58,0.15,50,88050
20240222,09:39:53,0.15,1800,88050
20240222,09:40:00,0.15,1800,89100
20240222,09:40:03,0.15,1800,89100
20240222,09:40:05,0.15,1800,89100
20240222,09:40:06,0.15,1800,89100
20240222,09:40:07,0.15,1800,89100
20240222,09:40:08,0.15,7700,89100
20240222,09:40:36,0.15,400,89100
20240222,09:40:40,0.15,200,89100
20240222,09:40:47,0.1,900,89100
20240222,09:40:47,0.15,100,89100
20240222,09:40:49,0.1,550,89100
20240222,09:40:52,0.15,250,89100
20240222,09:41:31,0.15,300,89100
20240222,09:41:37,0.15,100,89100
20240222,09:41:38,0.1,100,89100
20240222,09:42:01,0.15,300,89100
20240222,09:42:12,0.15,1250,89100
20240222,09:42:43,0.15,350,89100
20240222,09:42:51,0.1,2000,101200
20240222,09:43:00,0.15,100,101200
20240222,09:43:35,0.15,500,101200
20240222,09:43:59,0.15,400,101200
20240222,09:44:36,0.15,50,101200
20240222,09:44:58,0.1,500,101200
20240222,09:45:00,0.1,400,101200
20240222,09:45:18,0.15,300,101200
20240222,09:45:41,0.15,50,101200
20240222,09:46:02,0.15,50,103250
20240222,09:46:40,0.15,50,103250
20240222,09:47:05,0.15,150,103250
20240222,09:47:42,0.15,250,103250
20240222,09:47:47,0.1,150,103250
20240222,09:48:02,0.15,100,103250
20240222,09:48:09,0.15,50,103250
20240222,09:48:10,0.1,1950,103250
20240222,09:48:16,0.1,2500,103250
20240222,09:48:25,0.1,2500,103250
20240222,09:48:36,0.15,250,103250
20240222,09:48:43,0.15,50,103250
20240222,09:49:24,0.15,50,103250
20240222,09:50:05,0.15,50,110200
20240222,09:50:21,0.1,600,110200
20240222,09:50:22,0.1,1900,110200
20240222,09:50:34,0.15,50,110200
20240222,09:50:35,0.15,2500,110200
20240222,09:50:56,0.15,300,110200
20240222,09:50:58,0.15,100,110200
20240222,09:50:58,0.15,500,110200
20240222,09:51:01,0.15,500,110200
20240222,09:51:07,0.15,500,110200
20240222,09:51:09,0.15,500,110200
20240222,09:51:10,0.15,1800,110200
20240222,09:51:20,0.15,100,110200
20240222,09:51:26,0.1,1000,110200
20240222,09:53:12,0.15,250,111900
20240222,09:53:13,0.15,2500,111900
20240222,09:53:23,0.15,100,111900
20240222,09:53:25,0.15,100,111900
20240222,09:53:29,0.15,100,111900
20240222,09:53:30,0.15,2400,111900
20240222,09:53:32,0.2,1900,111900
20240222,09:53:43,0.15,1800,111900
20240222,09:53:48,0.2,50,111900
20240222,09:53:59,0.15,550,111900
20240222,09:54:05,0.15,50,111900
20240222,09:54:06,0.15,500,111900
20240222,09:54:09,0.15,1050,111900
20240222,09:54:13,0.2,250,111900
20240222,09:54:14,0.15,1800,111900
20240222,09:54:18,0.15,1800,111900
20240222,09:54:32,0.15,1800,111900
20240222,09:54:36,0.2,150,111900
20240222,09:54:42,0.15,500,111900
20240222,09:54:59,0.15,150,112250
20240222,09:55:09,0.15,1550,112250
20240222,09:55:19,0.15,1050,112250
20240222,09:55:35,0.1,300,112250
20240222,09:55:37,0.15,50,112250
20240222,09:55:45,0.15,5400,112250
20240222,09:55:49,0.15,50,112250
20240222,09:55:50,0.15,350,112250
20240222,09:55:55,0.2,800,112250
20240222,09:56:09,0.15,250,112250
20240222,09:56:14,0.15,200,112250
20240222,09:56:40,0.15,100,112250
20240222,09:56:57,0.15,1800,112250
20240222,09:57:00,0.15,1800,112250
20240222,09:57:21,0.2,50,112250
20240222,09:57:54,0.2,1400,112300
20240222,09:58:03,0.15,6150,112300
20240222,09:59:08,0.15,400,112300
20240222,09:59:13,0.2,50,112300
20240222,09:59:30,0.15,500,112300
20240222,09:59:52,0.2,50,112300
20240222,10:00:06,0.2,1800,112300
20240222,10:00:25,0.15,50,112300
20240222,10:00:29,0.2,50,112300
20240222,10:00:38,0.15,1800,112300
20240222,10:00:41,0.15,1800,112300
20240222,10:00:41,0.15,2000,112300
20240222,10:00:42,0.15,1800,112300
20240222,10:00:43,0.15,3600,112300
20240222,10:00:48,0.2,50,112300
20240222,10:01:28,0.15,50,111200
20240222,10:02:06,0.2,50,111200
20240222,10:02:13,0.15,350,111200
20240222,10:02:31,0.15,600,111200
20240222,10:02:31,0.15,400,111200
20240222,10:02:47,0.15,200,111200
20240222,10:02:48,0.2,2250,111200
20240222,10:03:07,0.2,100,111200
20240222,10:03:21,0.15,1400,111200
20240222,10:04:24,0.15,1200,111200
20240222,10:04:49,0.2,50,112200
20240222,10:04:52,0.15,1800,112200
20240222,10:05:18,0.2,1450,112200
20240222,10:05:23,0.15,1800,112200
20240222,10:05:52,0.2,3600,112200
20240222,10:05:53,0.2,1400,112200
20240222,10:06:22,0.15,1800,112200
20240222,10:06:27,0.15,1400,112200
20240222,10:07:15,0.2,50,112200
20240222,10:07:19,0.15,1800,112200
20240222,10:07:37,0.2,600,112200
20240222,10:07:38,0.2,600,112200
20240222,10:07:39,0.2,600,112200
20240222,10:08:02,0.15,50,112200
20240222,10:08:17,0.2,50,112200
20240222,10:09:01,0.2,1500,112200
20240222,10:09:02,0.2,2600,112200
20240222,10:09:07,0.2,1500,112200
20240222,10:09:24,0.2,1500,112200
20240222,10:09:32,0.2,1800,112200
20240222,10:10:34,0.15,1800,112200
20240222,10:11:11,0.2,100,110400
20240222,10:11:15,0.2,50,110400
20240222,10:11:31,0.2,50,110400
20240222,10:11:49,0.2,50,110400
20240222,10:11:54,0.2,8250,110400
20240222,10:11:54,0.2,6750,110400
20240222,10:12:27,0.15,100,110400
20240222,10:12:32,0.2,1800,110400
20240222,10:12:32,0.2,700,110400
20240222,10:13:11,0.2,200,110400
20240222,10:13:21,0.2,50,110400
20240222,10:13:33,0.2,1200,110400
20240222,10:15:10,0.15,50,110400
20240222,10:15:31,0.15,100,110400
20240222,10:15:52,0.15,50,110400
20240222,10:16:12,0.2,50,110400
20240222,10:16:45,0.2,100,110400
20240222,10:17:49,0.25,4600,110400
20240222,10:17:53,0.2,2400,110400
20240222,10:18:15,0.2,300,110400
20240222,10:18:33,0.2,1800,110400
20240222,10:18:35,0.2,1900,110400
20240222,10:18:36,0.2,50,110400
20240222,10:18:37,0.2,50,110400
20240222,10:18:38,0.2,50,110400
20240222,10:18:39,0.2,100,110400
20240222,10:18:40,0.2,50,110400
20240222,10:18:41,0.2,50,110400
20240222,10:18:44,0.2,50,110400
20240222,10:18:45,0.2,50,110400
20240222,10:18:49,0.2,50,110400
20240222,10:18:55,0.2,100,109900
20240222,10:19:07,0.15,100,109900
20240222,10:19:54,0.2,2000,109900
20240222,10:20:13,0.2,500,109900
20240222,10:20:24,0.25,5000,109900
20240222,10:20:26,0.2,550,109900
20240222,10:20:27,0.2,150,109900
20240222,10:20:29,0.2,50,109900
20240222,10:20:48,0.2,50,109900
20240222,10:21:26,0.25,150,109900
20240222,10:21:40,0.2,50,109900
20240222,10:21:47,0.2,50,109900
20240222,10:22:06,0.2,200,109500
20240222,10:22:07,0.2,50,109500
20240222,10:22:57,0.25,50,109500
20240222,10:23:07,0.2,1800,109500
20240222,10:23:09,0.2,1450,109500
20240222,10:23:21,0.25,1800,109500
20240222,10:23:23,0.25,400,109500
20240222,10:24:26,0.25,50,109500
20240222,10:26:35,0.2,50,109800
20240222,10:27:05,0.25,50,109800
20240222,10:27:16,0.25,50,109800
20240222,10:28:43,0.2,800,109750
20240222,10:28:52,0.2,1800,109750
20240222,10:28:54,0.2,1400,109750
20240222,10:28:57,0.2,700,109750
20240222,10:30:00,0.25,100,109750
20240222,10:30:46,0.2,1800,109750
20240222,10:30:51,0.25,150,109750
20240222,10:31:40,0.2,1050,110350
20240222,10:33:43,0.25,1000,110350
20240222,10:33:50,0.25,300,110350
20240222,10:34:21,0.2,50,110350
20240222,10:34:45,0.25,200,110050
20240222,10:34:47,0.25,900,110050
20240222,10:34:54,0.25,250,110050
20240222,10:35:20,0.25,100,110050
20240222,10:37:03,0.2,250,110050
20240222,10:37:11,0.2,500,110050
20240222,10:37:26,0.2,1600,110050
20240222,10:37:29,0.2,450,110050
20240222,10:37:30,0.2,100,110050
20240222,10:42:17,0.25,50,110050
20240222,10:44:19,0.2,500,110050
20240222,10:44:26,0.25,50,110050
20240222,10:46:19,0.2,250,110050
20240222,10:47:10,0.2,100,110050
20240222,10:47:17,0.25,550,110050
20240222,10:47:18,0.2,1800,110050
20240222,10:47:26,0.25,650,110050
20240222,10:47:38,0.25,550,110050
20240222,10:47:39,0.25,650,110050
20240222,10:51:31,0.25,50,111850
20240222,10:51:36,0.25,1000,111850
20240222,10:51:50,0.2,1400,111850
20240222,10:52:01,0.25,5000,113250
20240222,10:52:03,0.25,5000,113250
20240222,10:53:34,0.2,50,113250
20240222,10:54:46,0.25,50,113250
20240222,10:55:12,0.25,50,113250
20240222,10:57:12,0.25,900,113250
20240222,10:57:23,0.25,900,113250
20240222,10:57:27,0.25,500,113250
20240222,10:57:45,0.25,50,113250
20240222,10:57:47,0.2,50,113250
20240222,10:57:55,0.25,250,113250
20240222,10:57:58,0.25,300,113250
20240222,10:58:22,0.25,250,113250
20240222,10:58:48,0.25,50,113250
20240222,10:58:49,0.25,250,113250
20240222,10:58:50,0.2,50,113250
20240222,10:58:54,0.25,300,113250
20240222,10:58:57,0.2,4250,113250
20240222,10:59:00,0.25,50,113250
20240222,10:59:01,0.25,250,113250
20240222,10:59:02,0.25,300,113250
20240222,10:59:03,0.25,100,113250
20240222,10:59:08,0.2,50,113250
20240222,10:59:09,0.25,300,113250
20240222,10:59:11,0.25,150,113250
20240222,10:59:13,0.25,200,113250
20240222,10:59:59,0.2,150,113250
20240222,11:00:00,0.2,800,113250
20240222,11:00:06,0.2,3600,113250
20240222,11:00:10,0.3,7350,113250
20240222,11:00:11,0.3,750,113250
20240222,11:00:13,0.25,900,113250
20240222,11:01:02,0.25,100,113250
20240222,11:01:15,0.3,50,118200
20240222,11:02:00,0.3,50,118200
20240222,11:02:39,0.3,1300,118200
20240222,11:02:45,0.3,50,118200
20240222,11:03:53,0.3,50,118200
20240222,11:03:56,0.25,50,118200
20240222,11:05:48,0.25,3600,118200
20240222,11:05:48,0.25,400,118950
20240222,11:06:16,0.25,400,118950
20240222,11:06:37,0.25,400,118950
20240222,11:06:49,0.3,500,118950
20240222,11:07:00,0.3,1000,118950
20240222,11:07:11,0.3,1000,115300
20240222,11:07:14,0.3,500,115300
20240222,11:07:17,0.3,550,115300
20240222,11:07:19,0.25,50,115300
20240222,11:07:21,0.3,800,115300
20240222,11:07:23,0.3,1300,115300
20240222,11:07:25,0.3,800,115300
20240222,11:07:29,0.3,800,115300
20240222,11:07:31,0.3,800,115300
20240222,11:08:16,0.25,250,115300
20240222,11:08:24,0.25,250,115300
20240222,11:08:49,0.25,200,115300
20240222,11:08:50,0.25,950,115300
20240222,11:09:00,0.25,1000,115300
20240222,11:09:13,0.25,1000,115300
20240222,11:09:20,0.25,900,115300
20240222,11:09:22,0.25,100,115300
20240222,11:09:27,0.25,1000,115300
20240222,11:09:37,0.25,1000,115300
20240222,11:09:42,0.25,1000,115300
20240222,11:10:24,0.25,1500,115300
20240222,11:10:27,0.3,50,114200
20240222,11:10:28,0.25,500,114200
20240222,11:10:29,0.25,50,114200
20240222,11:10:39,0.25,800,114200
20240222,11:10:40,0.25,2500,114200
20240222,11:11:27,0.2,1000,114200
20240222,11:11:32,0.2,500,114200
20240222,11:12:07,0.25,50,114200
20240222,11:13:54,0.2,50,114200
20240222,11:14:02,0.25,50,113300
20240222,11:14:05,0.2,50,113300
20240222,11:15:00,0.25,50,113300
20240222,11:16:30,0.2,250,113300
20240222,11:16:57,0.2,1200,113300
20240222,11:18:08,0.2,8200,113300
20240222,11:18:09,0.2,1800,113300
20240222,11:18:13,0.25,50,113300
20240222,11:18:25,0.25,50,113300
20240222,11:18:28,0.2,50,113300
20240222,11:20:26,0.2,900,113300
20240222,11:20:30,0.25,900,113300
20240222,11:20:34,0.2,900,113300
20240222,11:20:37,0.2,900,113300
20240222,11:20:40,0.2,900,113300
20240222,11:20:44,0.2,500,113300
20240222,11:21:04,0.25,1500,113300
20240222,11:21:06,0.25,900,113300
20240222,11:21:57,0.25,50,113300
20240222,11:22:00,0.2,50,113300
20240222,11:22:23,0.25,50,114000
20240222,11:22:31,0.25,900,114000
20240222,11:22:32,0.25,700,114000
20240222,11:22:45,0.2,50,114000
20240222,11:22:47,0.25,100,114000
20240222,11:22:48,0.25,650,114000
20240222,11:23:09,0.25,1800,114000
20240222,11:23:12,0.25,1800,114000
20240222,11:23:19,0.25,600,114000
20240222,11:23:22,0.25,700,114000
20240222,11:23:23,0.25,900,114000
20240222,11:23:25,0.2,1500,114000
20240222,11:23:26,0.25,900,114000
20240222,11:23:27,0.25,900,114000
20240222,11:23:28,0.25,900,114000
20240222,11:23:29,0.25,900,114000
20240222,11:23:30,0.25,900,114000
20240222,11:23:31,0.25,900,114000
20240222,11:23:32,0.25,900,114000
20240222,11:24:09,0.25,900,114000
20240222,11:24:10,0.25,1850,114000
20240222,11:24:13,0.25,1700,114000
20240222,11:24:15,0.25,50,114000
20240222,11:24:15,0.25,100,114000
20240222,11:24:17,0.25,50,114000
20240222,11:24:18,0.25,100,114000
20240222,11:24:20,0.25,50,114000
20240222,11:24:21,0.25,100,114000
20240222,11:24:22,0.25,50,114000
20240222,11:24:23,0.25,100,114000
20240222,11:24:25,0.25,50,114000
20240222,11:24:26,0.25,100,114000
20240222,11:24:27,0.25,50,114000
20240222,11:24:28,0.25,50,114000
20240222,11:24:29,0.25,50,114000
20240222,11:24:30,0.25,100,114000
20240222,11:24:44,0.25,50,114000
20240222,11:25:01,0.25,50,114000
20240222,11:26:24,0.25,250,119550
20240222,11:26:37,0.3,500,119550
20240222,11:26:44,0.3,50,119550
20240222,11:26:47,0.25,50,119550
20240222,11:29:26,0.3,5000,119800
20240222,11:29:32,0.3,5000,119800
20240222,11:30:14,0.25,50,119800
20240222,11:31:14,0.3,50,119800
20240222,11:31:16,0.25,50,128900
20240222,11:31:23,0.25,550,128900
20240222,11:32:05,0.25,250,128900
20240222,11:33:54,0.25,1950,128900
20240222,11:33:55,0.25,3200,128900
20240222,11:33:56,0.25,50,128900
20240222,11:33:57,0.25,50,128900
20240222,11:33:58,0.25,50,128900
20240222,11:33:59,0.25,50,128900
20240222,11:34:14,0.2,650,125250
20240222,11:34:15,0.2,2600,125250
20240222,11:34:16,0.2,2450,125250
20240222,11:34:17,0.2,5900,125250
20240222,11:34:18,0.2,6700,125250
20240222,11:34:32,0.2,1500,125250
20240222,11:34:33,0.2,1200,125250
20240222,11:34:46,0.25,50,125250
20240222,11:34:55,0.2,500,125250
20240222,11:35:58,0.2,3600,125250
20240222,11:36:10,0.25,50,125250
20240222,11:36:11,0.2,50,125250
20240222,11:37:00,0.25,100,125250
20240222,11:37:24,0.25,50,117000
20240222,11:37:28,0.2,50,117000
20240222,11:37:40,0.2,150,117000
20240222,11:37:42,0.2,50,117000
20240222,11:37:42,0.2,100,117000
20240222,11:38:04,0.2,50,117000
20240222,11:38:13,0.15,50,117000
20240222,11:39:37,0.2,50,117000
20240222,11:39:45,0.2,50,117000
20240222,11:40:48,0.2,50,116500
20240222,11:41:07,0.2,1800,116500
20240222,11:41:50,0.2,1800,116500
20240222,11:42:36,0.2,1100,116500
20240222,11:42:49,0.2,250,116500
20240222,11:43:26,0.25,50,118300
20240222,11:43:28,0.2,100,118300
20240222,11:43:29,0.2,550,118300
20240222,11:43:31,0.15,2500,118300
20240222,11:43:42,0.15,50,118300
20240222,11:44:37,0.25,100,118300
20240222,11:44:49,0.2,1950,118300
20240222,11:44:50,0.15,5400,118300
20240222,11:44:51,0.15,4600,118300
20240222,11:44:54,0.25,500,118300
20240222,11:48:06,0.2,50,118300
20240222,11:48:14,0.2,50,121300
20240222,11:48:17,0.15,50,121300
20240222,11:49:48,0.2,50,121400
20240222,11:53:34,0.2,1000,121450
20240222,11:53:36,0.2,1000,121450
20240222,11:53:38,0.2,50,121450
20240222,11:53:41,0.15,50,121450
20240222,11:53:42,0.2,900,121450
20240222,11:53:43,0.2,1000,121450
20240222,11:53:49,0.2,750,121450
20240222,11:54:09,0.15,1000,121450
20240222,11:54:37,0.15,1600,121450
20240222,11:54:38,0.15,900,121450
20240222,11:54:51,0.15,5000,121450
20240222,11:55:05,0.2,1100,121450
20240222,11:55:07,0.15,1500,121450
20240222,11:55:33,0.2,1150,127950
20240222,11:55:36,0.15,1500,127950
20240222,11:55:37,0.2,1500,127950
20240222,11:55:38,0.2,700,127950
20240222,11:55:56,0.15,1500,127950
20240222,11:56:17,0.2,1200,127950
20240222,11:56:18,0.2,900,127950
20240222,11:56:21,0.2,900,127950
20240222,11:57:47,0.15,250,127950
20240222,11:57:48,0.15,500,127950
20240222,11:58:08,0.2,100,127950
20240222,11:59:00,0.15,200,127950
20240222,11:59:03,0.15,600,128300
20240222,11:59:18,0.15,300,128300
20240222,11:59:19,0.15,300,128300
20240222,11:59:21,0.2,50,128300
20240222,11:59:25,0.15,50,128300
20240222,12:00:44,0.15,250,128300
20240222,12:01:00,0.15,300,128300
20240222,12:01:22,0.15,250,128300
20240222,12:01:23,0.2,50,128300
20240222,12:01:52,0.2,50,128300
20240222,12:02:02,0.15,300,128300
20240222,12:02:13,0.15,300,128300
20240222,12:02:17,0.2,50,128300
20240222,12:02:34,0.2,50,128300
20240222,12:03:08,0.15,650,128300
20240222,12:03:20,0.2,50,128300
20240222,12:03:21,0.15,700,128300
20240222,12:03:23,0.15,900,128300
20240222,12:03:24,0.15,2000,128300
20240222,12:03:25,0.15,1850,128300
20240222,12:03:26,0.15,300,128300
20240222,12:03:28,0.15,50,128300
20240222,12:03:37,0.2,50,128300
20240222,12:03:44,0.2,250,128300
20240222,12:03:45,0.15,400,128300
20240222,12:04:08,0.15,750,128300
20240222,12:04:59,0.15,300,128800
20240222,12:05:16,0.15,300,128800
20240222,12:05:22,0.15,600,128800
20240222,12:05:37,0.15,250,128800
20240222,12:05:46,0.15,200,128800
20240222,12:05:48,0.15,50,128800
20240222,12:06:03,0.2,2150,128800
20240222,12:06:28,0.2,50,128800
20240222,12:06:29,0.2,400,128800
20240222,12:06:31,0.15,50,128800
20240222,12:07:28,0.15,2200,130400
20240222,12:07:59,0.15,250,130400
20240222,12:08:06,0.15,350,130400
20240222,12:09:05,0.15,350,130400
20240222,12:09:08,0.15,250,130400
20240222,12:09:47,0.2,50,130400
20240222,12:10:29,0.15,600,130450
20240222,12:11:04,0.15,300,130450
20240222,12:11:08,0.15,250,130450
20240222,12:11:14,0.15,300,130450
20240222,12:11:18,0.15,450,130450
20240222,12:11:23,0.15,500,130450
20240222,12:11:40,0.2,50,130450
20240222,12:11:43,0.15,50,130450
20240222,12:13:22,0.15,2500,131850
20240222,12:13:39,0.2,100,131850
20240222,12:15:37,0.15,50,131850
20240222,12:16:37,0.15,1250,131850
20240222,12:17:01,0.15,1250,134250
20240222,12:17:05,0.2,50,134250
20240222,12:17:23,0.2,50,134250
20240222,12:17:26,0.15,50,134250
20240222,12:18:04,0.2,50,134250
20240222,12:19:09,0.15,1250,134250
20240222,12:19:28,0.15,100,138000
20240222,12:19:40,0.15,50,138000
20240222,12:20:23,0.2,50,138000
20240222,12:21:00,0.2,50,138000
20240222,12:21:01,0.2,50,138000
20240222,12:21:03,0.15,50,138000
20240222,12:21:05,0.15,50,138000
20240222,12:21:24,0.2,50,138000
20240222,12:21:33,0.15,50,138000
20240222,12:21:51,0.2,50,138000
20240222,12:21:52,0.2,50,138000
20240222,12:22:05,0.2,50,138000
20240222,12:22:08,0.15,50,138000
20240222,12:22:09,0.15,50,138000
20240222,12:22:17,0.15,1500,138350
20240222,12:22:44,0.15,50,138350
20240222,12:22:54,0.2,50,138350
20240222,12:23:16,0.15,50,138350
20240222,12:23:54,0.15,50,138350
20240222,12:24:00,0.2,1250,138350
20240222,12:25:04,0.15,250,138350
20240222,12:25:11,0.15,300,138350
20240222,12:25:39,0.2,50,140400
20240222,12:25:59,0.15,50,140400
20240222,12:26:52,0.15,500,140400
20240222,12:26:53,0.15,3500,140400
20240222,12:27:02,0.2,400,140400
20240222,12:27:54,0.2,1000,140400
20240222,12:30:44,0.2,50,144400
20240222,12:30:46,0.15,50,144400
20240222,12:31:16,0.15,250,144400
20240222,12:31:17,0.2,50,144400
20240222,12:32:13,0.15,250,144400
20240222,12:32:34,0.2,3600,144400
20240222,12:32:45,0.15,3600,144400
20240222,12:33:03,0.15,50,144400
20240222,12:33:07,0.15,350,144400
20240222,12:33:08,0.15,800,144400
20240222,12:33:08,0.15,1300,144400
20240222,12:33:09,0.15,1300,144400
20240222,12:33:12,0.15,50,144400
20240222,12:33:54,0.15,50,144400
20240222,12:34:46,0.15,800,145850
20240222,12:35:14,0.1,50,145850
20240222,12:35:23,0.2,50,145850
20240222,12:35:28,0.1,50,145850
20240222,12:35:49,0.15,100,145850
20240222,12:35:52,0.15,50,145850
20240222,12:37:56,0.2,50,145750
20240222,12:37:58,0.1,50,145750
20240222,12:38:09,0.15,500,145750
20240222,12:38:25,0.15,50,145750
20240222,12:38:28,0.15,50,145750
20240222,12:38:32,0.15,50,145750
20240222,12:38:36,0.15,50,145750
20240222,12:38:49,0.1,200,145750
20240222,12:39:49,0.15,50,145750
20240222,12:39:51,0.1,50,145750
20240222,12:39:55,0.15,1300,145750
20240222,12:39:58,0.1,50,145750
20240222,12:40:24,0.15,600,145700
20240222,12:41:59,0.15,50,145700
20240222,12:42:01,0.1,50,145700
20240222,12:42:18,0.15,50,145700
20240222,12:43:44,0.15,50,145700
20240222,12:44:14,0.15,100,146150
20240222,12:44:35,0.1,50,146150
20240222,12:45:13,0.1,50,146150
20240222,12:45:22,0.15,50,146150
20240222,12:45:50,0.15,50,146150
20240222,12:45:53,0.1,50,146150
20240222,12:46:26,0.15,200,146250
20240222,12:46:40,0.15,150,146250
20240222,12:48:17,0.1,50,146250
20240222,12:48:34,0.15,15000,146250
20240222,12:48:40,0.15,50,146250
20240222,12:48:42,0.1,50,146250
20240222,12:49:49,0.15,600,146250
20240222,12:50:18,0.15,50,156950
20240222,12:50:20,0.1,50,156950
20240222,12:52:05,0.15,50,156950
20240222,12:52:13,0.15,50,156950
20240222,12:52:52,0.15,50,157050
20240222,12:52:54,0.1,50,157050
20240222,12:53:45,0.15,500,157050
20240222,12:53:54,0.1,200,157050
20240222,12:55:11,0.15,50,157050
20240222,12:55:18,0.15,50,157050
20240222,12:55:22,0.1,50,157050
20240222,12:57:20,0.15,50,157400
20240222,12:57:22,0.1,50,157400
20240222,12:59:10,0.15,50,157400
20240222,12:59:12,0.1,50,157400
20240222,12:59:16,0.15,500,157400
20240222,12:59:29,0.1,250,157400
20240222,12:59:37,0.1,100,157400
20240222,13:00:14,0.15,50,157400
20240222,13:00:27,0.1,300,157400
20240222,13:00:42,0.1,250,157400
20240222,13:01:00,0.1,250,157400
20240222,13:01:29,0.15,50,157450
20240222,13:01:32,0.1,50,157450
20240222,13:02:44,0.1,50,157450
20240222,13:02:49,0.1,100,157450
20240222,13:03:11,0.1,800,157450
20240222,13:03:57,0.15,50,157450
20240222,13:03:59,0.1,250,157450
20240222,13:04:00,0.1,50,157450
20240222,13:04:23,0.15,50,157450
20240222,13:04:27,0.1,50,156950
20240222,13:04:52,0.1,2000,156950
20240222,13:05:05,0.1,2500,156950
20240222,13:05:40,0.1,450,156950
20240222,13:05:50,0.1,250,156950
20240222,13:06:06,0.15,50,156950
20240222,13:06:09,0.1,50,156950
20240222,13:06:26,0.1,300,156950
20240222,13:06:31,0.1,350,156950
20240222,13:06:39,0.1,300,156950
20240222,13:06:50,0.1,250,156950
20240222,13:06:51,0.1,450,156950
20240222,13:06:52,0.1,250,156950
20240222,13:06:57,0.1,500,156950
20240222,13:07:54,0.1,250,156950
20240222,13:07:57,0.1,300,159200
20240222,13:08:03,0.15,50,159200
20240222,13:08:07,0.1,50,159200
20240222,13:08:08,0.1,250,159200
20240222,13:08:10,0.1,300,159200
20240222,13:08:21,0.1,300,159200
20240222,13:09:05,0.15,200,159200
20240222,13:10:11,0.15,50,159200
20240222,13:10:14,0.1,50,159200
20240222,13:10:26,0.15,50,160900
20240222,13:10:51,0.1,250,160900
20240222,13:10:51,0.1,750,160900
20240222,13:11:36,0.15,50,160900
20240222,13:11:45,0.15,50,160900
20240222,13:11:49,0.15,50,160900
20240222,13:11:54,0.15,100,160900
20240222,13:11:56,0.1,50,160900
20240222,13:12:01,0.1,200,160900
20240222,13:12:13,0.15,50,160900
20240222,13:12:17,0.1,50,160900
20240222,13:12:42,0.15,50,160900
20240222,13:13:31,0.1,14400,162300
20240222,13:13:31,0.1,600,162300
20240222,13:14:01,0.15,300,162300
20240222,13:14:24,0.1,50,162300
20240222,13:14:25,0.15,350,162300
20240222,13:14:27,0.1,50,162300
20240222,13:14:33,0.1,50,162300
20240222,13:15:24,0.1,50,162300
20240222,13:16:16,0.1,1800,162300
20240222,13:17:03,0.15,2000,162050
20240222,13:17:26,0.1,2400,162050
20240222,13:17:42,0.1,300,162050
20240222,13:18:22,0.15,50,162050
20240222,13:18:41,0.1,50,162050
20240222,13:18:52,0.1,300,162050
20240222,13:19:09,0.1,1000,162050
20240222,13:19:57,0.1,150,164400
20240222,13:20:54,0.15,50,164400
20240222,13:22:25,0.1,400,164400
20240222,13:23:13,0.1,50,164400
20240222,13:24:00,0.1,400,164400
20240222,13:25:26,0.15,50,164400
20240222,13:25:29,0.1,50,164800
20240222,13:27:21,0.15,50,164800
20240222,13:27:22,0.1,1000,164800
20240222,13:27:25,0.1,50,164800
20240222,13:27:37,0.1,1450,164800
20240222,13:27:55,0.1,200,164800
20240222,13:28:01,0.1,800,164800
20240222,13:28:13,0.1,200,164800
20240222,13:29:19,0.15,100,164800
20240222,13:29:34,0.15,50,167450
20240222,13:31:07,0.15,50,167450
20240222,13:31:29,0.15,50,167450
20240222,13:31:32,0.1,50,167450
20240222,13:31:56,0.15,50,167450
20240222,13:31:59,0.1,50,167450
20240222,13:32:16,0.1,1800,167450
20240222,13:32:36,0.1,1000,167450
20240222,13:32:54,0.1,50,167450
20240222,13:33:26,0.1,150,167450
20240222,13:33:51,0.1,150,167450
20240222,13:33:56,0.1,150,167450
20240222,13:34:11,0.1,300,167450
20240222,13:34:11,0.1,2850,167450
20240222,13:34:12,0.1,3750,167450
20240222,13:34:13,0.15,50,167450
20240222,13:34:15,0.1,50,167450
20240222,13:34:16,0.1,1200,167450
20240222,13:34:17,0.1,6300,167450
20240222,13:34:38,0.15,50,168450
20240222,13:34:41,0.1,1800,168450
20240222,13:34:54,0.1,1000,168450
20240222,13:36:37,0.15,50,168450
20240222,13:36:47,0.1,50,168450
20240222,13:37:12,0.1,50,168450
20240222,13:37:58,0.1,250,166800
20240222,13:38:35,0.1,1800,166800
20240222,13:39:58,0.1,50,166800
20240222,13:41:21,0.1,50,168200
20240222,13:41:23,0.05,50,168200
20240222,13:41:24,0.05,400,168200
20240222,13:41:25,0.05,50,168200
20240222,13:42:29,0.05,100,168200
20240222,13:43:01,0.05,100,168200
20240222,13:43:17,0.1,500,168200
20240222,13:43:25,0.1,50,168200
20240222,13:49:32,0.1,2950,168300
20240222,13:49:32,0.1,50,168300
20240222,13:49:35,0.1,650,168300
20240222,13:49:48,0.1,100,168300
20240222,13:50:19,0.1,50,168300
20240222,13:50:22,0.05,50,168300
20240222,13:50:34,0.1,50,168300
20240222,13:50:37,0.05,50,168300
20240222,13:51:46,0.05,150,168300
20240222,13:52:30,0.1,1200,167650
20240222,13:52:34,0.15,400,167650
20240222,13:52:54,0.05,100,167650
20240222,13:53:18,0.15,50,167650
20240222,13:53:21,0.05,50,167650
20240222,13:53:28,0.05,250,167650
20240222,13:53:29,0.05,250,167650
20240222,13:53:29,0.05,500,167650
20240222,13:54:05,0.05,250,167650
20240222,13:54:06,0.05,250,167650
20240222,13:54:21,0.15,2100,167650
20240222,13:54:22,0.15,3200,167650
20240222,13:54:47,0.05,3600,167650
20240222,13:54:48,0.05,1400,167650
20240222,13:55:11,0.05,500,167650
20240222,13:57:25,0.1,1800,170000
20240222,13:57:36,0.1,50,170000
20240222,13:57:38,0.05,50,170000
20240222,13:57:49,0.1,50,170000
20240222,13:57:52,0.05,50,170000
20240222,13:58:06,0.1,50,170000
20240222,13:58:08,0.05,50,170000
20240222,13:59:03,0.05,250,170000
20240222,13:59:04,0.1,50,171800
20240222,13:59:07,0.05,50,171800
20240222,13:59:12,0.1,50,171800
20240222,14:01:18,0.05,50,171800
20240222,14:01:49,0.1,50,171800
20240222,14:02:10,0.1,50,171800
20240222,14:02:24,0.05,200,171800
20240222,14:02:28,0.05,200,171800
20240222,14:02:38,0.1,50,171800
20240222,14:03:10,0.05,150,171800
20240222,14:03:21,0.1,50,171800
20240222,14:03:23,0.05,7200,171800
20240222,14:03:36,0.05,50,171800
20240222,14:03:44,0.1,50,171800
20240222,14:04:23,0.05,50,171800
20240222,14:04:41,0.05,1000,172200
20240222,14:04:42,0.05,50,172200
20240222,14:04:44,0.05,1000,172200
20240222,14:04:46,0.05,1000,172200
20240222,14:04:49,0.05,1000,172200
20240222,14:05:01,0.1,1000,172200
20240222,14:05:05,0.1,1000,172200
20240222,14:05:08,0.1,1000,172200
20240222,14:05:13,0.1,1000,172200
20240222,14:05:19,0.05,6250,172200
20240222,14:05:27,0.1,1800,172200
20240222,14:05:27,0.1,600,172200
20240222,14:05:40,0.1,50,172200
20240222,14:05:42,0.1,50,172200
20240222,14:05:43,0.1,50,172200
20240222,14:05:44,0.1,50,172200
20240222,14:05:45,0.1,50,172200
20240222,14:05:46,0.1,50,172200
20240222,14:05:47,0.1,50,172200
20240222,14:05:48,0.1,50,172200
20240222,14:05:49,0.1,50,172200
20240222,14:05:50,0.1,50,172200
20240222,14:05:51,0.1,50,172200
20240222,14:05:52,0.1,50,172200
20240222,14:05:53,0.1,50,172200
20240222,14:05:54,0.1,50,172200
20240222,14:05:55,0.1,50,172200
20240222,14:05:56,0.1,50,172200
20240222,14:05:57,0.1,50,172200
20240222,14:05:58,0.1,50,172200
20240222,14:05:59,0.1,50,172200
20240222,14:06:00,0.1,50,172200
20240222,14:06:01,0.1,50,172200
20240222,14:06:02,0.1,50,172200
20240222,14:06:03,0.1,50,172200
20240222,14:06:04,0.1,50,172200
20240222,14:06:05,0.1,50,172200
20240222,14:06:06,0.1,50,172200
20240222,14:06:51,0.1,1700,172200
20240222,14:07:11,0.05,50,172200
20240222,14:07:12,0.05,200,172200
20240222,14:07:13,0.05,200,172200
20240222,14:07:14,0.05,200,172200
20240222,14:07:15,0.05,250,172200
20240222,14:07:16,0.05,200,172200
20240222,14:07:17,0.05,200,172200
20240222,14:08:24,0.05,100,172200
20240222,14:09:50,0.1,2850,164100
20240222,14:10:51,0.1,50,164400
20240222,14:10:52,0.1,50,164400
20240222,14:10:54,0.1,50,164400
20240222,14:10:55,0.1,50,164400
20240222,14:10:56,0.1,50,164400
20240222,14:10:57,0.1,50,164400
20240222,14:10:58,0.1,50,164400
20240222,14:10:59,0.1,50,164400
20240222,14:11:00,0.1,50,164400
20240222,14:11:01,0.1,50,164400
20240222,14:11:02,0.1,50,164400
20240222,14:11:03,0.1,50,164400
20240222,14:11:04,0.1,50,164400
20240222,14:11:05,0.1,50,164400
20240222,14:11:06,0.1,50,164400
20240222,14:11:07,0.1,50,164400
20240222,14:11:08,0.1,50,164400
20240222,14:11:10,0.1,100,164400
20240222,14:11:11,0.1,50,164400
20240222,14:11:12,0.1,50,164400
20240222,14:11:13,0.1,50,164400
20240222,14:11:14,0.1,50,164400
20240222,14:11:15,0.1,50,164400
20240222,14:11:16,0.1,50,164400
20240222,14:11:17,0.1,50,164400
20240222,14:11:18,0.1,50,164400
20240222,14:11:19,0.1,50,164400
20240222,14:11:20,0.1,50,164400
20240222,14:11:21,0.1,50,164400
20240222,14:11:23,0.1,50,164400
20240222,14:11:24,0.1,100,164400
20240222,14:11:25,0.1,50,164400
20240222,14:11:26,0.1,50,164400
20240222,14:11:27,0.1,50,164400
20240222,14:12:04,0.05,50,164400
20240222,14:12:05,0.05,200,164400
20240222,14:12:06,0.05,200,164400
20240222,14:12:07,0.05,200,164400
20240222,14:12:08,0.05,200,164400
20240222,14:12:09,0.05,200,164400
20240222,14:12:10,0.05,200,164400
20240222,14:12:11,0.05,200,164400
20240222,14:12:12,0.05,200,164400
20240222,14:12:40,0.1,50,164400
20240222,14:12:44,0.05,50,164400
20240222,14:12:46,0.05,100,164400
20240222,14:12:47,0.05,50,164400
20240222,14:12:48,0.05,50,164400
20240222,14:17:14,0.1,100,165500
20240222,14:18:26,0.05,1800,165500
20240222,14:18:58,0.1,50,165500
20240222,14:19:19,0.05,450,165500
20240222,14:20:30,0.05,1250,165650
20240222,14:21:37,0.1,50,165650
20240222,14:21:44,0.1,50,165650
20240222,14:22:18,0.05,1800,165650
20240222,14:25:44,0.1,50,165650
20240222,14:25:49,0.1,50,166850
20240222,14:25:54,0.1,50,166850
20240222,14:26:00,0.1,50,166850
20240222,14:26:06,0.05,200,166850
20240222,14:28:21,0.1,50,166850
20240222,14:28:30,0.05,50,166850
20240222,14:29:51,0.1,250,167100
20240222,14:30:53,0.1,50,167100
20240222,14:30:58,0.1,50,167100
20240222,14:30:59,0.1,50,167100
20240222,14:30:59,0.05,50,167100
20240222,14:31:01,0.1,100,167100
20240222,14:31:02,0.1,50,167100
20240222,14:31:03,0.1,50,167100
20240222,14:31:46,0.05,50,167700
20240222,14:31:47,0.05,200,167700
20240222,14:31:48,0.05,50,167700
20240222,14:33:05,0.05,1200,167700
20240222,14:33:41,0.05,50,167700
20240222,14:33:58,0.05,50,167700
20240222,14:34:20,0.1,600,167700
20240222,14:34:26,0.1,300,167700
20240222,14:35:08,0.05,1000,167700
20240222,14:35:09,0.1,50,167700
20240222,14:35:27,0.1,50,167700
20240222,14:35:34,0.05,50,167700
20240222,14:35:35,0.05,50,167700
20240222,14:36:00,0.1,300,167700
20240222,14:36:07,0.05,50,167700
20240222,14:36:58,0.05,50,167700
20240222,14:39:00,0.1,50,168950
20240222,14:39:03,0.05,1800,168950
20240222,14:39:03,0.05,600,168950
20240222,14:39:27,0.05,1800,168950
20240222,14:39:30,0.05,1800,168950
20240222,14:39:32,0.05,1800,168950
20240222,14:39:34,0.05,1800,168950
20240222,14:39:36,0.05,1800,168950
20240222,14:39:46,0.1,850,168950
20240222,14:39:48,0.1,300,168950
20240222,14:39:56,0.1,400,168950
20240222,14:42:53,0.1,250,168950
20240222,14:42:56,0.1,250,160200
20240222,14:42:58,0.1,250,160200
20240222,14:43:06,0.1,300,160200
20240222,14:43:18,0.1,250,160200
20240222,14:43:20,0.1,300,160200
20240222,14:43:49,0.1,50,160200
20240222,14:43:50,0.1,50,160200
20240222,14:43:51,0.1,50,160200
20240222,14:43:52,0.1,50,160200
20240222,14:43:53,0.1,50,160200
20240222,14:43:54,0.1,50,160200
20240222,14:43:55,0.1,50,160200
20240222,14:43:56,0.1,50,160200
20240222,14:43:57,0.1,50,160200
20240222,14:43:58,0.1,50,160200
20240222,14:43:59,0.1,50,160200
20240222,14:44:00,0.1,50,160200
20240222,14:44:01,0.1,50,160200
20240222,14:44:02,0.1,50,160200
20240222,14:44:03,0.1,50,160200
20240222,14:44:04,0.1,50,160200
20240222,14:44:07,0.1,50,160200
20240222,14:45:19,0.1,50,160200
20240222,14:45:22,0.05,50,160200
20240222,14:45:29,0.05,50,160200
20240222,14:45:30,0.05,50,160200
20240222,14:45:31,0.05,50,160200
20240222,14:45:32,0.05,50,160200
20240222,14:45:33,0.05,200,160200
20240222,14:45:34,0.05,200,160200
20240222,14:45:35,0.05,200,160200
20240222,14:45:51,0.1,750,160200
20240222,14:46:14,0.05,150,160200
20240222,14:46:20,0.05,150,160200
20240222,14:46:22,0.05,150,160200
20240222,14:46:24,0.05,50,160200
20240222,14:50:10,0.05,150,160200
20240222,14:50:57,0.1,50,159250
20240222,14:50:58,0.1,50,159250
20240222,14:50:59,0.1,50,159250
20240222,14:51:00,0.1,50,159250
20240222,14:51:01,0.1,50,159250
20240222,14:51:02,0.1,50,159250
20240222,14:51:03,0.1,50,159250
20240222,14:51:04,0.1,50,159250
20240222,14:51:05,0.1,50,159250
20240222,14:51:06,0.1,50,159250
20240222,14:51:07,0.1,50,159250
20240222,14:51:08,0.1,50,159250
20240222,14:51:09,0.1,50,159250
20240222,14:51:21,0.05,200,159250
20240222,14:51:22,0.05,200,159250
20240222,14:51:23,0.05,50,159250
20240222,14:51:35,0.05,250,159250
20240222,14:52:35,0.1,50,159250
20240222,14:52:36,0.1,50,159250
20240222,14:52:37,0.1,50,159250
20240222,14:52:38,0.1,50,159250
20240222,14:52:40,0.1,100,158500
20240222,14:52:41,0.1,50,158500
20240222,14:52:42,0.1,50,158500
20240222,14:52:43,0.1,50,158500
20240222,14:52:44,0.1,50,158500
20240222,14:52:45,0.1,50,158500
20240222,14:52:46,0.1,50,158500
20240222,14:52:47,0.1,50,158500
20240222,14:52:48,0.1,50,158500
20240222,14:52:49,0.1,50,158500
20240222,14:52:50,0.1,50,158500
20240222,14:52:51,0.1,50,158500
20240222,14:52:52,0.1,50,158500
20240222,14:52:53,0.1,50,158500
20240222,14:52:54,0.1,50,158500
20240222,14:52:55,0.1,50,158500
20240222,14:52:55,0.1,500,158500
20240222,14:52:57,0.1,100,158500
20240222,14:52:58,0.1,50,158500
20240222,14:52:59,0.1,50,158500
20240222,14:53:00,0.1,50,158500
20240222,14:53:01,0.1,50,158500
20240222,14:53:02,0.1,50,158500
20240222,14:53:03,0.1,50,158500
20240222,14:53:04,0.1,50,158500
20240222,14:53:05,0.1,50,158500
20240222,14:53:06,0.1,50,158500
20240222,14:53:07,0.1,50,158500
20240222,14:53:08,0.05,250,158500
20240222,14:53:09,0.05,250,158500
20240222,14:53:10,0.05,250,158500
20240222,14:53:11,0.1,50,158500
20240222,14:53:12,0.1,50,158500
20240222,14:53:13,0.05,1150,158500
20240222,14:53:14,0.1,50,158500
20240222,14:53:15,0.05,900,158500
20240222,14:53:16,0.1,1000,158500
20240222,14:53:17,0.1,50,158500
20240222,14:53:19,0.05,1100,158500
20240222,14:53:21,0.1,50,158500
20240222,14:53:31,0.1,50,158500
20240222,14:53:32,0.1,50,158500
20240222,14:53:33,0.1,50,158500
20240222,14:53:34,0.1,50,158500
20240222,14:53:35,0.1,50,158500
20240222,14:53:37,0.1,50,158500
20240222,14:53:40,0.1,50,158500
20240222,14:53:41,0.1,50,158500
20240222,14:53:42,0.1,50,158500
20240222,14:54:03,0.1,50,158500
20240222,14:54:04,0.1,50,158500
20240222,14:54:05,0.1,50,158500
20240222,14:54:06,0.1,50,158500
20240222,14:54:07,0.1,50,158500
20240222,14:54:08,0.1,50,158500
20240222,14:54:09,0.1,50,158500
20240222,14:54:17,0.1,50,158500
20240222,14:54:18,0.1,50,158500
20240222,14:54:19,0.1,50,158500
20240222,14:54:20,0.1,50,158500
20240222,14:54:21,0.1,50,158500
20240222,14:54:22,0.1,400,158500
20240222,14:54:23,0.1,300,158500
20240222,14:54:24,0.1,250,158500
20240222,14:54:25,0.1,50,158500
20240222,14:54:26,0.1,50,158500
20240222,14:54:35,0.05,400,158500
20240222,14:54:39,0.05,200,158500
20240222,14:54:40,0.05,200,158500
20240222,14:54:41,0.05,200,158500
20240222,14:54:42,0.05,200,158500
20240222,14:54:43,0.05,200,158500
20240222,14:54:44,0.05,600,158500
20240222,14:54:45,0.05,600,158500
20240222,14:54:46,0.05,200,158500
20240222,14:54:47,0.05,200,158500
20240222,14:54:48,0.05,200,158500
20240222,14:54:49,0.05,200,158500
20240222,14:54:50,0.05,400,158500
20240222,14:54:51,0.05,200,158500
20240222,14:54:52,0.05,250,158500
20240222,14:54:53,0.05,150,158500
20240222,14:54:54,0.05,150,158500
20240222,14:54:55,0.05,150,158500
20240222,14:54:56,0.05,150,158500
20240222,14:54:57,0.05,100,158500
20240222,14:55:18,0.1,50,158500
20240222,14:55:19,0.1,50,158500
20240222,14:55:20,0.1,50,158500
20240222,14:55:21,0.1,50,158500
20240222,14:55:22,0.1,50,158500
20240222,14:55:23,0.1,50,158500
20240222,14:55:24,0.1,50,158500
20240222,14:55:25,0.1,50,158500
20240222,14:55:26,0.1,50,158500
20240222,14:55:27,0.1,50,158500
20240222,14:55:28,0.1,50,158500
20240222,14:55:29,0.1,50,158500
20240222,14:55:30,0.1,50,158500
20240222,14:55:31,0.1,50,158500
20240222,14:55:32,0.1,50,158500
20240222,14:55:33,0.1,50,158500
20240222,14:55:34,0.1,50,158500
20240222,14:55:35,0.1,50,158500
20240222,14:55:36,0.1,50,158500
20240222,14:55:37,0.1,50,158500
20240222,14:55:38,0.1,50,158500
20240222,14:55:39,0.1,50,158500
20240222,14:55:44,0.1,50,157150
20240222,14:55:45,0.1,50,157150
20240222,14:55:46,0.1,50,157150
20240222,14:55:47,0.1,50,157150
20240222,14:55:48,0.1,50,157150
20240222,14:55:49,0.1,50,157150
20240222,14:55:50,0.1,50,157150
20240222,14:55:51,0.1,50,157150
20240222,14:55:52,0.1,50,157150
20240222,14:55:53,0.1,50,157150
20240222,14:55:54,0.1,50,157150
20240222,14:55:55,0.1,50,157150
20240222,14:55:56,0.1,50,157150
20240222,14:55:57,0.1,50,157150
20240222,14:55:58,0.1,50,157150
20240222,14:55:59,0.1,50,157150
20240222,14:56:00,0.1,50,157150
20240222,14:56:01,0.1,50,157150
20240222,14:56:02,0.1,50,157150
20240222,14:56:03,0.1,50,157150
20240222,14:56:27,0.05,200,157150
20240222,14:56:28,0.05,50,157150
20240222,14:56:29,0.05,400,157150
20240222,14:56:30,0.05,200,157150
20240222,14:56:31,0.05,200,157150
20240222,14:56:32,0.05,200,157150
20240222,14:56:33,0.05,200,157150
20240222,14:56:34,0.05,200,157150
20240222,14:56:37,0.1,500,157150
20240222,14:56:38,0.05,400,157150
20240222,14:56:48,0.05,50,157150
20240222,14:56:49,0.05,200,157150
20240222,14:56:50,0.05,200,157150
20240222,14:56:51,0.05,200,157150
20240222,14:57:46,0.05,200,157150
20240222,14:57:47,0.05,200,157150
20240222,14:58:01,0.1,50,157150
20240222,14:58:19,0.1,1800,157150
20240222,14:58:20,0.1,1800,157150
20240222,14:58:56,0.1,50,157150
20240222,14:58:57,0.1,50,159200
20240222,14:58:58,0.1,50,159200
20240222,14:58:59,0.1,50,159200
20240222,14:58:59,0.1,250,159200
20240222,14:59:00,0.1,50,159200
20240222,14:59:01,0.1,50,159200
20240222,14:59:02,0.1,50,159200
20240222,14:59:03,0.1,50,159200
20240222,14:59:04,0.1,50,159200
20240222,14:59:05,0.1,50,159200
20240222,14:59:06,0.1,50,159200
20240222,14:59:07,0.1,50,159200
20240222,14:59:08,0.1,50,159200
20240222,14:59:09,0.1,50,159200
20240222,14:59:10,0.1,50,159200
20240222,14:59:11,0.1,50,159200
20240222,14:59:12,0.1,50,159200
20240222,14:59:13,0.1,50,159200
20240222,14:59:14,0.1,50,159200
20240222,14:59:15,0.1,50,159200
20240222,14:59:16,0.1,50,159200
20240222,14:59:36,0.1,150,159200
20240222,14:59:36,0.1,50,159200
20240222,14:59:43,0.05,50,159200
20240222,14:59:49,0.1,50,159200
20240222,15:00:00,0.05,200,159200
20240222,15:00:01,0.05,200,159200
20240222,15:00:02,0.05,200,159200
20240222,15:00:03,0.05,200,159200
20240222,15:00:04,0.05,200,159200
20240222,15:00:05,0.05,50,159200
20240222,15:00:06,0.1,250,159200
20240222,15:00:07,0.15,6800,159200
20240222,15:00:08,0.15,1200,159200
20240222,15:00:09,0.15,50,159200
20240222,15:00:10,0.05,100,159200
20240222,15:00:11,0.1,400,159200
20240222,15:00:14,0.1,400,159200
20240222,15:00:14,0.1,950,159200
20240222,15:00:15,0.1,100,159200
20240222,15:00:16,0.1,50,159200
20240222,15:00:17,0.1,50,159200
20240222,15:00:18,0.1,50,159200
20240222,15:00:19,0.1,50,159200
20240222,15:00:21,0.1,100,159200
20240222,15:00:22,0.1,50,159200
20240222,15:00:23,0.1,50,159200
20240222,15:00:24,0.1,50,159200
20240222,15:00:25,0.1,50,159200
20240222,15:00:26,0.1,50,159200
20240222,15:00:27,0.1,50,159200
20240222,15:00:28,0.1,50,159200
20240222,15:00:35,0.05,200,159200
20240222,15:00:36,0.05,200,159200
20240222,15:00:37,0.05,200,159200
20240222,15:00:38,0.05,100,159200
20240222,15:00:48,0.1,250,159200
20240222,15:00:53,0.1,50,159200
20240222,15:01:07,0.1,1800,159200
20240222,15:01:15,0.1,100,159200
20240222,15:01:44,0.1,50,146250
20240222,15:01:46,0.1,50,146250
20240222,15:01:48,0.1,100,146250
20240222,15:01:49,0.1,100,146250
20240222,15:01:50,0.1,1100,146250
20240222,15:01:51,0.1,100,146250
20240222,15:01:52,0.1,100,146250
20240222,15:01:53,0.1,100,146250
20240222,15:01:54,0.1,100,146250
20240222,15:01:55,0.1,100,146250
20240222,15:01:56,0.1,100,146250
20240222,15:01:57,0.1,100,146250
20240222,15:01:59,0.1,1050,146250
20240222,15:02:00,0.1,50,146250
20240222,15:02:01,0.1,150,146250
20240222,15:02:02,0.1,100,146250
20240222,15:02:03,0.1,50,146250
20240222,15:02:04,0.1,50,146250
20240222,15:02:05,0.1,50,146250
20240222,15:02:06,0.1,50,146250
20240222,15:02:07,0.1,50,146250
20240222,15:02:08,0.1,150,146250
20240222,15:02:09,0.1,150,146250
20240222,15:02:10,0.1,150,146250
20240222,15:02:11,0.1,150,146250
20240222,15:02:12,0.1,1800,146250
20240222,15:02:13,0.1,200,146250
20240222,15:02:14,0.1,200,146250
20240222,15:02:15,0.1,150,146250
20240222,15:02:16,0.1,150,146250
20240222,15:02:17,0.1,150,146250
20240222,15:02:18,0.1,150,146250
20240222,15:02:19,0.1,200,146250
20240222,15:02:20,0.1,200,146250
20240222,15:02:21,0.1,350,146250
20240222,15:02:23,0.1,1100,146250
20240222,15:02:23,0.1,250,146250
20240222,15:02:25,0.1,500,146250
20240222,15:02:26,0.05,700,146250
20240222,15:02:27,0.05,650,146250
20240222,15:02:28,0.05,50,146250
20240222,15:02:29,0.1,650,146250
20240222,15:02:30,0.1,500,146250
20240222,15:02:32,0.05,200,146250
20240222,15:02:33,0.05,150,146250
20240222,15:02:36,0.05,50,146250
20240222,15:02:43,0.1,100,146250
20240222,15:02:52,0.1,550,146250
20240222,15:03:06,0.1,700,146250
20240222,15:03:08,0.1,600,146250
20240222,15:03:10,0.1,550,146250
20240222,15:03:18,0.1,50,146250
20240222,15:03:25,0.1,1000,146250
20240222,15:03:29,0.05,1800,146250
20240222,15:03:36,0.05,1000,146250
20240222,15:03:39,0.05,1800,146250
20240222,15:03:40,0.05,1800,146250
20240222,15:03:41,0.05,1800,146250
20240222,15:03:42,0.1,1000,146250
20240222,15:03:44,0.05,1800,146250
20240222,15:03:54,0.05,150,146250
20240222,15:03:59,0.1,50,146250
20240222,15:04:00,0.1,50,146250
20240222,15:04:01,0.1,50,146250
20240222,15:04:02,0.1,50,146250
20240222,15:04:03,0.1,50,146250
20240222,15:04:04,0.1,50,146250
20240222,15:04:05,0.1,50,146250
20240222,15:04:06,0.1,50,146250
20240222,15:04:07,0.1,750,146250
20240222,15:04:09,0.1,600,146250
20240222,15:04:10,0.1,350,146250
20240222,15:04:11,0.1,250,146250
20240222,15:04:12,0.1,500,146250
20240222,15:04:14,0.1,550,146250
20240222,15:04:17,0.1,250,146250
20240222,15:04:18,0.1,500,146250
20240222,15:04:23,0.1,1000,146250
20240222,15:04:26,0.1,600,146250
20240222,15:04:46,0.05,200,146250
20240222,15:04:47,0.05,200,154050
20240222,15:04:51,0.1,1000,154050
20240222,15:05:00,0.05,50,154050
20240222,15:05:08,0.1,1000,154050
20240222,15:05:16,0.1,1000,154050
20240222,15:05:44,0.1,1000,154050
20240222,15:05:52,0.1,1000,154050
20240222,15:05:57,0.1,50,154050
20240222,15:05:58,0.1,50,154050
20240222,15:05:59,0.1,50,154050
20240222,15:06:00,0.1,50,154050
20240222,15:06:01,0.1,50,154050
20240222,15:06:02,0.1,50,154050
20240222,15:06:03,0.1,50,154050
20240222,15:06:04,0.1,50,154050
20240222,15:06:05,0.1,50,154050
20240222,15:06:06,0.1,50,154050
20240222,15:06:07,0.1,50,154050
20240222,15:06:08,0.1,50,154050
20240222,15:06:09,0.1,50,154050
20240222,15:06:10,0.1,50,154050
20240222,15:06:15,0.1,50,154050
20240222,15:06:16,0.1,50,154050
20240222,15:06:17,0.1,50,154050
20240222,15:06:18,0.1,50,154050
20240222,15:06:19,0.1,50,154050
20240222,15:06:20,0.1,50,154050
20240222,15:06:21,0.1,1050,154050
20240222,15:06:22,0.1,50,154050
20240222,15:06:23,0.1,50,154050
20240222,15:06:24,0.1,50,154050
20240222,15:06:25,0.1,50,154050
20240222,15:06:29,0.1,1000,154050
20240222,15:06:45,0.05,50,154050
20240222,15:07:43,0.1,1000,154050
20240222,15:07:51,0.1,900,153500
20240222,15:07:54,0.05,200,153500
20240222,15:07:55,0.05,200,153500
20240222,15:07:55,0.1,50,153500
20240222,15:07:56,0.05,200,153500
20240222,15:08:03,0.05,200,153500
20240222,15:08:04,0.05,200,153500
20240222,15:08:05,0.05,200,153500
20240222,15:08:06,0.05,50,153500
20240222,15:09:13,0.1,50,153500
20240222,15:09:14,0.1,50,153500
20240222,15:09:15,0.1,50,153500
20240222,15:09:16,0.1,50,153500
20240222,15:09:17,0.1,50,153500
20240222,15:09:18,0.1,50,153500
20240222,15:09:22,0.05,50,153500
20240222,15:09:23,0.05,3600,153500
20240222,15:09:24,0.05,1400,153500
20240222,15:09:25,0.05,50,153500
20240222,15:09:34,0.05,50,153500
20240222,15:10:24,0.05,1800,153500
20240222,15:10:27,0.05,500,153500
20240222,15:10:28,0.05,500,153500
20240222,15:10:29,0.05,500,153500
20240222,15:10:31,0.05,500,153500
20240222,15:10:33,0.05,50,153500
20240222,15:10:34,0.05,100,153500
20240222,15:10:36,0.05,500,153500
20240222,15:10:37,0.05,500,153500
20240222,15:10:39,0.05,100,153500
20240222,15:10:40,0.05,500,153500
20240222,15:10:41,0.05,500,153500
20240222,15:10:56,0.05,150,146700
20240222,15:10:57,0.05,150,146700
20240222,15:11:11,0.05,150,146700
20240222,15:11:30,0.05,350,146700
20240222,15:11:31,0.05,1800,146700
20240222,15:11:33,0.05,50,146700
20240222,15:11:36,0.05,50,146700
20240222,15:11:46,0.05,7200,146700
20240222,15:11:51,0.05,50,146700
20240222,15:11:52,0.05,50,146700
20240222,15:12:13,0.05,150,146700
20240222,15:12:13,0.05,50,146700
20240222,15:12:14,0.05,50,146700
20240222,15:12:15,0.05,100,146700
20240222,15:12:24,0.05,150,146700
20240222,15:12:28,0.05,150,146700
20240222,15:12:31,0.05,150,146700
20240222,15:12:32,0.05,1800,146700
20240222,15:12:34,0.05,150,146700
20240222,15:12:34,0.05,200,146700
20240222,15:12:37,0.05,150,146700
20240222,15:12:40,0.05,150,146700
20240222,15:12:42,0.05,50,146700
20240222,15:12:43,0.05,50,146700
20240222,15:12:44,0.05,2700,146700
20240222,15:12:46,0.05,150,146700
20240222,15:12:50,0.05,50,146700
20240222,15:12:50,0.05,150,146700
20240222,15:12:51,0.05,50,146700
20240222,15:12:52,0.05,50,146700
20240222,15:12:56,0.05,1500,146700
20240222,15:12:58,0.05,1500,146700
20240222,15:12:59,0.05,50,146700
20240222,15:13:01,0.05,50,146700
20240222,15:13:02,0.05,1800,146700
20240222,15:13:03,0.05,600,146700
20240222,15:13:10,0.05,150,146700
20240222,15:13:15,0.05,150,146700
20240222,15:13:16,0.05,50,146700
20240222,15:13:20,0.05,1000,146700
20240222,15:13:22,0.05,200,146700
20240222,15:13:23,0.05,50,146700
20240222,15:13:23,0.05,100,146700
20240222,15:13:25,0.05,50,146700
20240222,15:13:25,0.05,100,146700
20240222,15:13:26,0.05,200,146700
20240222,15:13:34,0.05,200,146700
20240222,15:13:37,0.05,50,146700
20240222,15:13:38,0.05,50,146700
20240222,15:13:39,0.05,50,146700
20240222,15:13:39,0.05,450,146700
20240222,15:13:44,0.05,100,150500
20240222,15:13:46,0.05,50,150500
20240222,15:13:51,0.05,150,150500
20240222,15:13:53,0.05,50,150500
20240222,15:13:59,0.05,100,150500
20240222,15:14:09,0.05,7750,150500
20240222,15:14:11,0.1,50,150500
20240222,15:14:19,0.1,50,150500
20240222,15:14:27,0.1,50,150500
20240222,15:14:35,0.05,3650,150500
20240222,15:14:41,0.1,1800,150500
20240222,15:14:42,0.1,400,150500
20240222,15:14:49,0.05,100,150500
20240222,15:14:55,0.05,900,150500
20240222,15:15:03,0.05,1600,150500
20240222,15:15:10,0.05,1800,150500
20240222,15:15:31,0.05,1000,150500
20240222,15:16:31,0.05,50,150500
20240222,15:16:43,0.05,50,150500
20240222,15:17:15,0.05,500,149100
20240222,15:17:32,0.05,150,149100
20240222,15:18:40,0.05,50,149100
20240222,15:18:48,0.05,50,149100
20240222,15:18:53,0.05,100,149100
20240222,15:23:30,0.05,2500,148850
20240222,15:23:46,0.05,1800,148850
20240222,15:23:47,0.05,200,148850
