date,time,tick_price,volume,open_interest
20231228,09:19:49,2.35,150,10550
20231228,09:20:03,2.55,3950,10550
20231228,09:20:03,2.3,3950,10550
20231228,09:20:10,2.8,3150,10550
20231228,09:20:16,2.8,3350,10550
20231228,09:20:23,2.4,250,10550
20231228,09:20:39,2.55,1000,10550
20231228,09:20:48,2.55,500,10550
20231228,09:20:56,2.5,1200,10550
20231228,09:21:04,2.6,1250,10550
20231228,09:21:12,2.5,200,10550
20231228,09:21:20,2.65,1000,10550
20231228,09:21:28,2.55,50,10550
20231228,09:21:37,2.6,150,10550
20231228,09:21:45,2.6,1500,10550
20231228,09:21:53,2.7,1000,10550
20231228,09:22:01,2.7,500,10550
20231228,09:22:09,2.65,50,10550
20231228,09:22:25,2.6,400,10550
20231228,09:22:32,2.75,1900,10550
20231228,09:22:40,2.65,950,10550
20231228,09:22:57,2.95,19300,10550
20231228,09:23:06,2.95,5700,10550
20231228,09:23:14,2.7,250,10550
20231228,09:23:23,2.85,7350,10550
20231228,09:23:32,3.05,4750,10550
20231228,09:23:41,3.05,2900,10550
20231228,09:23:49,3.1,3300,39200
20231228,09:23:57,2.95,3500,39200
20231228,09:24:06,3.0,1600,39200
20231228,09:24:14,3.0,1850,39200
20231228,09:24:23,3.0,1200,39200
20231228,09:24:31,3.0,2200,39200
20231228,09:24:40,2.95,400,39200
20231228,09:25:13,3.05,3050,39200
20231228,09:25:30,3.05,3450,39200
20231228,09:25:38,3.05,1400,39200
20231228,09:25:46,3.15,1200,39200
20231228,09:25:55,3.1,1100,39200
20231228,09:26:03,3.1,50,39200
20231228,09:26:20,3.1,1900,39200
20231228,09:26:28,3.05,500,39200
20231228,09:26:37,3.1,50,39200
20231228,09:26:53,3.05,2500,52400
20231228,09:27:02,3.1,250,52400
20231228,09:27:19,3.1,50,52400
20231228,09:27:27,3.1,1050,52400
20231228,09:27:45,3.2,1000,52400
20231228,09:27:53,3.2,1000,52400
20231228,09:28:02,3.2,1700,52400
20231228,09:28:11,3.3,2400,52400
20231228,09:28:19,3.35,1450,52400
20231228,09:28:27,3.3,1150,52400
20231228,09:28:43,3.25,1000,52400
20231228,09:28:51,3.25,1350,52400
20231228,09:28:59,3.3,200,52400
20231228,09:29:07,3.3,250,52400
20231228,09:29:15,3.25,7500,52400
20231228,09:29:23,3.1,16350,52400
20231228,09:29:31,3.1,3050,52400
20231228,09:29:39,3.05,1800,52400
20231228,09:29:47,3.1,2750,52400
20231228,09:29:55,3.15,4750,62150
20231228,09:30:11,3.15,3300,62150
20231228,09:30:27,3.2,1100,62150
20231228,09:30:35,3.2,1000,62150
20231228,09:30:43,3.15,750,62150
20231228,09:30:51,3.15,4150,62150
20231228,09:31:00,3.15,800,62150
20231228,09:31:08,3.2,100,62150
20231228,09:31:16,3.15,50,62150
20231228,09:31:40,3.15,1000,62150
20231228,09:31:47,3.15,50,62150
20231228,09:31:55,3.15,3700,62150
20231228,09:32:03,3.15,1100,62150
20231228,09:32:12,3.15,3650,62150
20231228,09:32:20,3.0,2800,62150
20231228,09:32:29,3.0,4650,62150
20231228,09:32:37,3.15,3950,62150
20231228,09:32:45,3.15,1250,62150
20231228,09:33:01,3.15,2550,73250
20231228,09:33:09,3.15,1000,73250
20231228,09:33:16,3.15,1500,73250
20231228,09:33:24,3.1,1100,73250
20231228,09:33:32,3.15,1350,73250
20231228,09:33:40,3.15,2400,73250
20231228,09:33:48,3.1,1050,73250
20231228,09:33:55,3.05,100,73250
20231228,09:34:03,3.0,2450,73250
20231228,09:34:11,3.0,1800,73250
20231228,09:34:28,2.9,450,73250
20231228,09:34:37,2.95,1350,73250
20231228,09:34:46,2.95,2700,73250
20231228,09:34:54,2.9,1350,73250
20231228,09:35:02,2.95,1200,73250
20231228,09:35:10,2.9,1300,73250
20231228,09:35:18,2.9,800,73250
20231228,09:35:26,2.85,4750,73250
20231228,09:35:35,2.85,2600,73250
20231228,09:35:43,2.8,2950,73250
20231228,09:35:51,2.8,4100,73250
20231228,09:35:59,2.75,2750,91450
20231228,09:36:07,2.8,2000,91450
20231228,09:36:15,2.7,1200,91450
20231228,09:36:23,2.75,100,91450
20231228,09:36:32,2.75,4050,91450
20231228,09:36:39,2.7,800,91450
20231228,09:36:47,2.7,1050,91450
20231228,09:36:55,2.7,250,91450
20231228,09:37:03,2.7,1100,91450
20231228,09:37:19,2.7,2400,91450
20231228,09:37:27,2.65,1150,91450
20231228,09:37:35,2.6,3250,91450
20231228,09:37:43,2.6,700,91450
20231228,09:37:52,2.65,450,91450
20231228,09:38:00,2.55,2900,91450
20231228,09:38:08,2.6,300,91450
20231228,09:38:16,2.6,1000,91450
20231228,09:38:24,2.6,50,91450
20231228,09:38:32,2.6,1000,91450
20231228,09:38:39,2.6,500,91450
20231228,09:38:47,2.6,1000,91450
20231228,09:38:55,2.65,450,105150
20231228,09:39:03,2.55,1800,105150
20231228,09:39:11,2.6,12700,105150
20231228,09:39:19,2.65,500,105150
20231228,09:39:27,2.6,600,105150
20231228,09:39:36,2.6,200,105150
20231228,09:39:44,2.65,2150,105150
20231228,09:39:52,2.65,200,105150
20231228,09:40:00,2.65,300,105150
20231228,09:40:09,2.65,50,105150
20231228,09:40:16,2.65,300,105150
20231228,09:40:24,2.65,450,105150
20231228,09:40:32,2.6,200,105150
20231228,09:40:40,2.6,1200,105150
20231228,09:40:56,2.6,1900,105150
20231228,09:41:04,2.6,1400,105150
20231228,09:41:21,2.65,50,105150
20231228,09:41:37,2.6,150,105150
20231228,09:41:45,2.65,550,105150
20231228,09:42:00,2.6,1100,116800
20231228,09:42:09,2.65,300,116800
20231228,09:42:17,2.55,2950,116800
20231228,09:42:25,2.6,300,116800
20231228,09:42:33,2.55,2100,116800
20231228,09:42:49,2.65,1950,116800
20231228,09:43:07,2.7,50,116800
20231228,09:43:15,2.7,1000,116800
20231228,09:43:23,2.7,50,116800
20231228,09:43:31,2.65,100,116800
20231228,09:43:39,2.75,1050,116800
20231228,09:43:48,2.7,350,116800
20231228,09:44:04,2.7,50,116800
20231228,09:44:12,2.7,600,116800
20231228,09:44:20,2.75,1200,116800
20231228,09:44:28,2.65,200,116800
20231228,09:44:36,2.65,1100,116800
20231228,09:44:45,2.7,150,116800
20231228,09:44:53,2.7,350,116800
20231228,09:45:01,2.75,150,121750
20231228,09:45:17,2.7,500,121750
20231228,09:45:26,2.7,250,121750
20231228,09:45:34,2.65,2400,121750
20231228,09:45:42,2.65,300,121750
20231228,09:45:50,2.65,2450,121750
20231228,09:46:06,2.7,3900,121750
20231228,09:46:14,2.75,1300,121750
20231228,09:46:22,2.75,3000,121750
20231228,09:46:38,2.7,650,121750
20231228,09:46:46,2.65,550,121750
20231228,09:47:02,2.65,1700,121750
20231228,09:47:10,2.65,100,121750
20231228,09:47:18,2.65,150,121750
20231228,09:47:34,2.6,5000,121750
20231228,09:47:43,2.6,100,121750
20231228,09:47:51,2.55,1850,121750
20231228,09:48:00,2.5,2750,135950
20231228,09:48:09,2.55,300,135950
20231228,09:48:17,2.55,1700,135950
20231228,09:48:25,2.55,100,135950
20231228,09:48:33,2.55,500,135950
20231228,09:48:41,2.6,150,135950
20231228,09:48:50,2.55,500,135950
20231228,09:48:58,2.6,1900,135950
20231228,09:49:06,2.65,1850,135950
20231228,09:49:15,2.6,2500,135950
20231228,09:49:23,2.7,2800,135950
20231228,09:49:31,2.7,8850,135950
20231228,09:49:47,2.6,1800,135950
20231228,09:50:03,2.6,100,135950
20231228,09:50:14,2.65,500,135950
20231228,09:50:23,2.6,200,135950
20231228,09:50:34,2.6,400,135950
20231228,09:50:54,2.65,50,135950
20231228,09:51:03,2.65,850,153000
20231228,09:51:13,2.65,1050,153000
20231228,09:51:24,2.7,1800,153000
20231228,09:51:33,2.65,850,153000
20231228,09:51:42,2.75,50,153000
20231228,09:51:52,2.65,250,153000
20231228,09:52:02,2.7,950,153000
20231228,09:52:22,2.7,150,153000
20231228,09:52:31,2.7,1350,153000
20231228,09:52:41,2.65,2000,153000
20231228,09:52:50,2.65,1800,153000
20231228,09:53:09,2.7,1150,153000
20231228,09:53:19,2.65,900,153000
20231228,09:53:37,2.65,100,153000
20231228,09:53:47,2.65,1000,153000
20231228,09:54:05,2.7,5400,160600
20231228,09:54:14,2.65,1800,160600
20231228,09:54:23,2.7,3600,160600
20231228,09:54:33,2.7,7150,160600
20231228,09:54:42,2.7,2300,160600
20231228,09:54:51,2.7,400,160600
20231228,09:55:09,2.7,3950,160600
20231228,09:55:18,2.7,3700,160600
20231228,09:55:28,2.75,3400,160600
20231228,09:55:37,2.75,400,160600
20231228,09:55:46,2.7,500,160600
20231228,09:55:56,2.75,2800,160600
20231228,09:56:06,2.8,4900,160600
20231228,09:56:25,2.75,2700,160600
20231228,09:56:34,2.75,3250,160600
20231228,09:56:43,2.8,300,160600
20231228,09:57:02,2.75,2350,177700
20231228,09:57:11,2.75,50,177700
20231228,09:57:28,2.75,300,177700
20231228,09:57:35,2.7,200,177700
20231228,09:57:43,2.7,300,177700
20231228,09:57:58,2.7,300,177700
20231228,09:58:05,2.65,15150,177700
20231228,09:58:13,2.7,8850,177700
20231228,09:58:21,2.7,600,177700
20231228,09:58:29,2.65,100,177700
20231228,09:58:38,2.65,7450,177700
20231228,09:58:45,2.7,5150,177700
20231228,09:58:53,2.7,2750,177700
20231228,09:59:00,2.7,2200,177700
20231228,09:59:07,2.7,4350,177700
20231228,09:59:29,2.7,300,177700
20231228,09:59:37,2.65,500,177700
20231228,09:59:51,2.7,150,177700
20231228,10:00:07,2.65,600,198950
20231228,10:00:14,2.65,1300,198950
20231228,10:00:22,2.65,500,198950
20231228,10:00:29,2.65,250,198950
20231228,10:00:37,2.7,50,198950
20231228,10:00:45,2.7,1550,198950
20231228,10:00:53,2.65,300,198950
20231228,10:01:14,2.7,500,198950
20231228,10:01:29,2.7,50,198950
20231228,10:01:52,2.7,2250,198950
20231228,10:02:07,2.7,300,198950
20231228,10:02:15,2.75,500,198950
20231228,10:02:29,2.65,900,198950
20231228,10:02:58,2.7,700,202800
20231228,10:03:13,2.75,3100,202800
20231228,10:03:21,2.65,50,202800
20231228,10:03:30,2.65,2500,202800
20231228,10:03:39,2.65,1200,202800
20231228,10:03:57,2.65,2150,202800
20231228,10:04:05,2.65,800,202800
20231228,10:04:23,2.6,300,202800
20231228,10:04:32,2.55,300,202800
20231228,10:04:40,2.6,1100,202800
20231228,10:04:48,2.5,2000,202800
20231228,10:04:57,2.5,150,202800
20231228,10:05:05,2.5,1400,202800
20231228,10:05:15,2.5,750,202800
20231228,10:05:23,2.55,750,202800
20231228,10:05:32,2.5,1250,202800
20231228,10:05:40,2.55,1350,202800
20231228,10:05:57,2.5,1150,203300
20231228,10:06:06,2.5,300,203300
20231228,10:06:14,2.5,3700,203300
20231228,10:06:23,2.5,600,203300
20231228,10:06:31,2.5,200,203300
20231228,10:06:39,2.5,750,203300
20231228,10:06:57,2.55,1850,203300
20231228,10:07:06,2.5,3850,203300
20231228,10:07:15,2.5,3250,203300
20231228,10:07:23,2.6,1900,203300
20231228,10:07:32,2.5,1950,203300
20231228,10:07:40,2.65,5400,203300
20231228,10:07:49,2.65,1800,203300
20231228,10:07:57,2.5,1100,203300
20231228,10:08:06,2.7,1900,203300
20231228,10:08:15,2.65,950,203300
20231228,10:08:23,2.6,2800,203300
20231228,10:08:40,2.55,50,203300
20231228,10:08:57,2.65,1000,222700
20231228,10:09:06,2.6,250,222700
20231228,10:09:31,2.65,50,222700
20231228,10:09:48,2.6,1600,222700
20231228,10:09:56,2.6,100,222700
20231228,10:10:22,2.65,3150,222700
20231228,10:10:31,2.7,5000,222700
20231228,10:10:40,2.7,2200,222700
20231228,10:10:49,2.7,200,222700
20231228,10:10:57,2.7,650,222700
20231228,10:11:06,2.65,5450,222700
20231228,10:11:15,2.65,400,222700
20231228,10:11:24,2.65,50,222700
20231228,10:12:05,2.65,50,237500
20231228,10:12:22,2.7,1050,237500
20231228,10:12:30,2.75,950,237500
20231228,10:12:38,2.75,1850,237500
20231228,10:13:18,2.65,50,237500
20231228,10:13:25,2.65,250,237500
20231228,10:13:41,2.65,750,237500
20231228,10:13:48,2.65,2650,237500
20231228,10:13:55,2.65,1850,237500
20231228,10:14:11,2.7,150,237500
20231228,10:14:19,2.75,1950,237500
20231228,10:14:50,2.75,10000,237500
20231228,10:15:06,2.7,250,249000
20231228,10:15:15,2.75,2250,249000
20231228,10:15:22,2.7,1000,249000
20231228,10:15:38,2.7,50,249000
20231228,10:16:01,2.75,50,249000
20231228,10:16:17,2.7,150,249000
20231228,10:16:25,2.75,1150,249000
20231228,10:16:56,2.7,4400,249000
20231228,10:17:03,2.75,1000,249000
20231228,10:17:11,2.75,1250,249000
20231228,10:17:27,2.75,1150,249000
20231228,10:17:36,2.8,2300,249000
20231228,10:17:44,2.7,1050,249000
20231228,10:17:52,2.8,1900,249000
20231228,10:18:00,2.7,2200,255150
20231228,10:18:08,2.7,1550,255150
20231228,10:18:17,2.75,3900,255150
20231228,10:18:33,2.75,1000,255150
20231228,10:18:41,2.75,1150,255150
20231228,10:18:57,2.7,3050,255150
20231228,10:19:05,2.7,50,255150
20231228,10:19:13,2.7,2000,255150
20231228,10:19:28,2.7,2450,255150
20231228,10:19:36,2.75,1000,255150
20231228,10:19:44,2.7,100,255150
20231228,10:20:01,2.65,500,255150
20231228,10:20:09,2.65,1800,255150
20231228,10:20:17,2.7,3750,255150
20231228,10:20:26,2.65,1850,255150
20231228,10:20:34,2.65,2200,255150
20231228,10:20:50,2.6,50,255150
20231228,10:21:07,2.6,50,264250
20231228,10:21:15,2.6,1900,264250
20231228,10:21:23,2.7,200,264250
20231228,10:21:39,2.65,1000,264250
20231228,10:21:47,2.65,3300,264250
20231228,10:21:55,2.65,250,264250
20231228,10:22:03,2.65,1000,264250
20231228,10:22:11,2.65,50,264250
20231228,10:22:19,2.6,3600,264250
20231228,10:22:34,2.65,800,264250
20231228,10:22:43,2.65,200,264250
20231228,10:22:51,2.6,850,264250
20231228,10:22:59,2.6,500,264250
20231228,10:23:07,2.65,1800,264250
20231228,10:23:15,2.65,1200,264250
20231228,10:23:22,2.7,700,264250
20231228,10:23:30,2.6,50,264250
20231228,10:23:38,2.6,250,264250
20231228,10:24:04,2.6,1250,269000
20231228,10:24:12,2.6,1500,269000
20231228,10:24:20,2.65,1250,269000
20231228,10:24:29,2.65,500,269000
20231228,10:24:37,2.7,4500,269000
20231228,10:24:53,2.65,200,269000
20231228,10:25:00,2.6,500,269000
20231228,10:25:08,2.7,200,269000
20231228,10:25:23,2.65,1300,269000
20231228,10:25:47,2.6,1600,269000
20231228,10:26:11,2.65,1000,269000
20231228,10:26:19,2.7,4200,269000
20231228,10:26:35,2.6,10050,269000
20231228,10:26:58,2.6,650,288850
20231228,10:27:06,2.65,4650,288850
20231228,10:27:57,2.6,1100,288850
20231228,10:28:20,2.6,2050,288850
20231228,10:28:34,2.6,300,288850
20231228,10:28:42,2.55,150,288850
20231228,10:28:49,2.6,4150,288850
20231228,10:29:03,2.6,50,288850
20231228,10:29:26,2.55,100,288850
20231228,10:29:33,2.55,200,288850
20231228,10:29:56,2.6,300,288850
20231228,10:30:11,2.6,500,295950
20231228,10:30:32,2.6,100,295950
20231228,10:30:47,2.6,100,295950
20231228,10:31:31,2.55,100,295950
20231228,10:31:38,2.55,50,295950
20231228,10:31:45,2.55,450,295950
20231228,10:31:51,2.5,450,295950
20231228,10:32:06,2.6,250,295950
20231228,10:32:29,2.55,3050,295950
20231228,10:32:36,2.6,1800,295950
20231228,10:32:58,2.6,50,295950
20231228,10:33:13,2.6,550,300500
20231228,10:33:40,2.6,200,300500
20231228,10:34:06,2.6,500,300500
20231228,10:34:13,2.6,4500,300500
20231228,10:34:20,2.6,500,300500
20231228,10:34:27,2.55,100,300500
20231228,10:34:41,2.6,1000,300500
20231228,10:34:58,2.55,6400,300500
20231228,10:35:04,2.55,100,300500
20231228,10:35:10,2.55,1000,300500
20231228,10:35:16,2.5,150,300500
20231228,10:35:33,2.55,1000,300500
20231228,10:35:40,2.5,10050,300500
20231228,10:35:46,2.5,200,300500
20231228,10:35:52,2.55,1050,300500
20231228,10:36:04,2.55,1000,323900
20231228,10:36:15,2.55,1000,323900
20231228,10:36:27,2.55,200,323900
20231228,10:36:33,2.55,2000,323900
20231228,10:36:52,2.55,100,323900
20231228,10:36:59,2.55,1000,323900
20231228,10:37:05,2.6,500,323900
20231228,10:37:16,2.55,400,323900
20231228,10:37:22,2.55,1100,323900
20231228,10:37:28,2.55,1500,323900
20231228,10:38:03,2.6,200,323900
20231228,10:38:49,2.6,150,323900
20231228,10:38:55,2.6,2900,323900
20231228,10:39:07,2.55,3600,329000
20231228,10:39:18,2.6,1800,329000
20231228,10:39:29,2.55,300,329000
20231228,10:39:46,2.55,200,329000
20231228,10:40:40,2.5,3950,329000
20231228,10:40:47,2.55,450,329000
20231228,10:41:07,2.55,4350,329000
20231228,10:41:13,2.55,600,329000
20231228,10:41:19,2.55,400,329000
20231228,10:41:38,2.6,1350,329000
20231228,10:42:36,2.6,2000,332650
20231228,10:42:42,2.6,50,332650
20231228,10:42:47,2.55,250,332650
20231228,10:43:48,2.55,400,332650
20231228,10:43:54,2.55,300,332650
20231228,10:44:08,2.6,100,332650
20231228,10:45:07,2.55,1800,334700
20231228,10:45:14,2.6,200,334700
20231228,10:45:20,2.6,500,334700
20231228,10:45:52,2.6,400,334700
20231228,10:46:14,2.6,50,334700
20231228,10:46:20,2.55,2300,334700
20231228,10:46:38,2.55,3450,334700
20231228,10:46:44,2.6,50,334700
20231228,10:47:03,2.55,50,334700
20231228,10:47:15,2.5,500,334700
20231228,10:47:49,2.55,200,334700
20231228,10:48:15,2.5,1800,341400
20231228,10:48:33,2.55,500,341400
20231228,10:48:46,2.5,5400,341400
20231228,10:48:52,2.5,2600,341400
20231228,10:49:08,2.55,100,341400
20231228,10:49:23,2.55,300,341400
20231228,10:49:38,2.55,300,341400
20231228,10:50:17,2.55,1000,341400
20231228,10:50:22,2.55,10800,341400
20231228,10:50:28,2.5,1800,341400
20231228,10:50:33,2.5,700,341400
20231228,10:50:39,2.5,250,341400
20231228,10:50:56,2.5,250,341400
20231228,10:51:01,2.5,2050,341400
20231228,10:51:18,2.5,250,362800
20231228,10:51:41,2.5,1800,362800
20231228,10:51:47,2.5,250,362800
20231228,10:52:15,2.5,1800,362800
20231228,10:52:26,2.5,1500,362800
20231228,10:52:44,2.55,300,362800
20231228,10:52:56,2.55,1850,362800
20231228,10:53:02,2.5,4300,362800
20231228,10:53:08,2.5,1800,362800
20231228,10:53:15,2.55,7500,362800
20231228,10:53:21,2.55,100,362800
20231228,10:53:33,2.5,1800,362800
20231228,10:53:39,2.5,500,362800
20231228,10:53:45,2.5,1800,362800
20231228,10:53:51,2.5,100,362800
20231228,10:54:01,2.5,1800,384700
20231228,10:54:07,2.55,200,384700
20231228,10:54:13,2.5,50,384700
20231228,10:54:20,2.5,1800,384700
20231228,10:54:28,2.5,3250,384700
20231228,10:54:50,2.45,1250,384700
20231228,10:55:17,2.5,500,384700
20231228,10:55:32,2.45,5400,384700
20231228,10:55:39,2.45,3050,384700
20231228,10:55:46,2.55,16400,384700
20231228,10:55:52,2.55,3850,384700
20231228,10:55:59,2.55,3550,384700
20231228,10:56:05,2.55,10750,384700
20231228,10:56:11,2.55,6600,384700
20231228,10:56:17,2.55,300,384700
20231228,10:56:24,2.5,2000,384700
20231228,10:56:30,2.55,1000,384700
20231228,10:56:36,2.6,9250,384700
20231228,10:56:43,2.6,700,384700
20231228,10:56:48,2.6,450,384700
20231228,10:56:54,2.6,21300,384700
20231228,10:57:00,2.55,7050,384700
20231228,10:57:05,2.6,6900,460200
20231228,10:57:11,2.6,3250,460200
20231228,10:57:16,2.6,500,460200
20231228,10:57:22,2.65,7100,460200
20231228,10:57:27,2.65,2900,460200
20231228,10:57:32,2.65,300,460200
20231228,10:57:38,2.65,500,460200
20231228,10:57:43,2.6,3600,460200
20231228,10:57:48,2.6,1800,460200
20231228,10:57:53,2.6,1100,460200
20231228,10:58:04,2.6,900,460200
20231228,10:58:17,2.65,3800,460200
20231228,10:58:24,2.65,1500,460200
20231228,10:58:31,2.65,500,460200
20231228,10:59:04,2.65,1000,460200
20231228,10:59:21,2.65,800,460200
20231228,10:59:27,2.6,1800,460200
20231228,10:59:33,2.65,250,460200
20231228,10:59:39,2.6,700,460200
20231228,10:59:44,2.6,400,460200
20231228,10:59:50,2.6,1800,460200
20231228,11:00:01,2.6,1400,460200
20231228,11:00:08,2.55,1300,477850
20231228,11:00:14,2.55,1350,477850
20231228,11:00:20,2.5,450,477850
20231228,11:00:26,2.55,1550,477850
20231228,11:01:07,2.5,1800,477850
20231228,11:01:12,2.5,3600,477850
20231228,11:01:18,2.5,1500,477850
20231228,11:01:28,2.5,4200,477850
20231228,11:01:34,2.6,16200,477850
20231228,11:01:40,2.55,7300,477850
20231228,11:01:46,2.6,1250,477850
20231228,11:01:51,2.6,1750,477850
20231228,11:01:56,2.55,100,477850
20231228,11:02:11,2.6,1900,477850
20231228,11:02:26,2.55,250,477850
20231228,11:02:37,2.55,250,477850
20231228,11:02:48,2.55,1000,477850
20231228,11:02:54,2.55,600,477850
20231228,11:03:18,2.6,150,508200
20231228,11:03:24,2.55,250,508200
20231228,11:03:29,2.55,1000,508200
20231228,11:03:41,2.55,500,508200
20231228,11:03:57,2.6,650,508200
20231228,11:04:07,2.55,100,508200
20231228,11:04:13,2.6,150,508200
20231228,11:04:22,2.6,2600,508200
20231228,11:04:27,2.55,1700,508200
20231228,11:04:52,2.55,1500,508200
20231228,11:04:57,2.55,400,508200
20231228,11:05:07,2.55,400,508200
20231228,11:05:12,2.55,450,508200
20231228,11:05:16,2.55,2350,508200
20231228,11:05:22,2.6,700,508200
20231228,11:05:31,2.6,1000,508200
20231228,11:06:07,2.55,500,513100
20231228,11:06:12,2.55,2300,513100
20231228,11:06:17,2.55,250,513100
20231228,11:06:57,2.55,1850,513100
20231228,11:07:01,2.55,750,513100
20231228,11:07:05,2.55,250,513100
20231228,11:07:34,2.55,1300,513100
20231228,11:07:45,2.55,2100,513100
20231228,11:07:50,2.55,3150,513100
20231228,11:08:09,2.55,700,513100
20231228,11:08:16,2.6,50,513100
20231228,11:08:30,2.55,50,513100
20231228,11:08:46,2.55,1250,513100
20231228,11:08:55,2.55,650,513100
20231228,11:09:04,2.55,300,516600
20231228,11:09:14,2.55,2350,516600
20231228,11:09:23,2.5,150,516600
20231228,11:09:39,2.55,550,516600
20231228,11:10:11,2.6,5000,516600
20231228,11:10:18,2.55,100,516600
20231228,11:10:26,2.55,4650,516600
20231228,11:10:34,2.5,50,516600
20231228,11:11:05,2.55,250,516600
20231228,11:11:12,2.55,50,516600
20231228,11:11:33,2.5,7950,516600
20231228,11:11:56,2.5,2500,516600
20231228,11:12:03,2.5,1300,516600
20231228,11:12:11,2.45,200,526450
20231228,11:12:39,2.5,50,526450
20231228,11:13:39,2.45,50,526450
20231228,11:14:07,2.5,250,526450
20231228,11:14:49,2.5,1800,526450
20231228,11:15:24,2.5,250,526350
20231228,11:15:30,2.5,1800,526350
20231228,11:15:44,2.55,50,526350
20231228,11:15:51,2.55,1700,526350
20231228,11:16:03,2.5,500,526350
20231228,11:16:34,2.55,250,526350
20231228,11:16:55,2.5,1500,526350
20231228,11:17:02,2.55,500,526350
20231228,11:17:08,2.55,500,526350
20231228,11:17:14,2.5,500,526350
20231228,11:17:20,2.55,250,526350
20231228,11:18:11,2.55,1600,525650
20231228,11:18:34,2.55,8300,525650
20231228,11:18:39,2.55,1550,525650
20231228,11:18:52,2.55,400,525650
20231228,11:18:58,2.55,50,525650
20231228,11:19:04,2.55,2050,525650
20231228,11:19:11,2.55,350,525650
20231228,11:19:16,2.55,400,525650
20231228,11:19:28,2.6,50,525650
20231228,11:19:33,2.6,1800,525650
20231228,11:20:01,2.55,750,525650
20231228,11:20:29,2.6,50,525650
20231228,11:20:36,2.6,50,525650
20231228,11:21:00,2.6,1600,525650
20231228,11:21:05,2.6,2200,519600
20231228,11:21:18,2.65,350,519600
20231228,11:21:32,2.7,400,519600
20231228,11:21:46,2.75,2300,519600
20231228,11:21:53,2.8,300,519600
20231228,11:21:59,2.8,1600,519600
20231228,11:22:05,2.8,750,519600
20231228,11:22:10,2.8,2150,519600
20231228,11:22:16,2.8,100,519600
20231228,11:22:25,2.8,300,519600
20231228,11:22:31,2.8,3700,519600
20231228,11:22:36,2.75,1800,519600
20231228,11:22:46,2.8,1600,519600
20231228,11:22:51,2.75,850,519600
20231228,11:23:01,2.75,1800,519600
20231228,11:23:12,2.8,3800,519600
20231228,11:23:17,2.75,1800,519600
20231228,11:23:31,2.8,850,519600
20231228,11:23:50,2.8,800,519600
20231228,11:24:18,2.8,100,511300
20231228,11:24:38,2.85,50,511300
20231228,11:24:54,2.85,50,511300
20231228,11:25:09,2.8,50,511300
20231228,11:25:14,2.75,750,511300
20231228,11:25:20,2.75,150,511300
20231228,11:25:25,2.75,350,511300
20231228,11:25:35,2.75,150,511300
20231228,11:25:56,2.7,50,511300
20231228,11:26:01,2.75,50,511300
20231228,11:26:25,2.7,50,511300
20231228,11:26:49,2.75,300,511300
20231228,11:27:30,2.7,50,512150
20231228,11:27:47,2.7,1500,512150
20231228,11:28:04,2.75,100,512150
20231228,11:28:21,2.75,250,512150
20231228,11:28:27,2.75,1100,512150
20231228,11:28:33,2.75,1500,512150
20231228,11:28:55,2.75,1800,512150
20231228,11:29:10,2.75,1550,512150
20231228,11:29:50,2.8,100,512150
20231228,11:30:51,2.8,950,513000
20231228,11:31:12,2.8,500,513000
20231228,11:31:23,2.8,250,513000
20231228,11:31:54,2.8,5000,513000
20231228,11:32:51,2.8,1000,513000
20231228,11:33:00,2.8,1000,513000
20231228,11:33:06,2.8,1000,513000
20231228,11:33:20,2.85,450,513050
20231228,11:33:33,2.85,50,513050
20231228,11:33:42,2.8,150,513050
20231228,11:34:17,2.85,50,513050
20231228,11:35:03,2.8,2800,513050
20231228,11:35:14,2.85,100,513050
20231228,11:35:34,2.85,1800,513050
20231228,11:36:25,2.8,50,515700
20231228,11:36:51,2.8,850,515700
20231228,11:37:51,2.85,50,515700
20231228,11:38:50,2.8,50,515700
20231228,11:39:10,2.85,200,516200
20231228,11:39:23,2.8,200,516200
20231228,11:39:50,2.85,200,516200
20231228,11:40:06,2.8,500,516200
20231228,11:40:14,2.8,50,516200
20231228,11:41:12,2.8,1400,516200
20231228,11:41:16,2.8,500,516200
20231228,11:41:41,2.8,50,516200
20231228,11:42:01,2.75,500,516200
20231228,11:42:09,2.8,200,516200
20231228,11:42:22,2.8,5000,518650
20231228,11:43:04,2.8,750,518650
20231228,11:44:03,2.8,50,518650
20231228,11:44:12,2.8,300,518650
20231228,11:45:04,2.8,1800,518650
20231228,11:45:19,2.8,100,524400
20231228,11:45:42,2.8,1250,524400
20231228,11:45:50,2.8,50,524400
20231228,11:46:32,2.75,1800,524400
20231228,11:46:55,2.75,50,524400
20231228,11:47:09,2.8,150,524400
20231228,11:47:49,2.8,1000,524400
20231228,11:48:13,2.75,1400,524400
20231228,11:48:31,2.75,700,527600
20231228,11:48:35,2.7,750,527600
20231228,11:48:39,2.7,250,527600
20231228,11:48:52,2.7,100,527600
20231228,11:48:56,2.7,250,527600
20231228,11:49:14,2.7,50,527600
20231228,11:49:27,2.75,300,527600
20231228,11:49:53,2.75,1050,527600
20231228,11:50:08,2.75,300,527600
20231228,11:50:23,2.7,250,527600
20231228,11:50:37,2.75,400,527600
20231228,11:51:01,2.75,500,527600
20231228,11:51:15,2.75,500,532150
20231228,11:51:24,2.75,150,532150
20231228,11:51:29,2.75,1800,532150
20231228,11:52:26,2.75,500,532150
20231228,11:52:36,2.75,750,532150
20231228,11:52:52,2.8,50,532150
20231228,11:53:09,2.8,350,532150
20231228,11:53:27,2.8,100,532150
20231228,11:53:40,2.8,50,532150
20231228,11:54:25,2.75,1800,534000
20231228,11:54:30,2.75,2000,534000
20231228,11:54:38,2.8,100,534000
20231228,11:54:46,2.8,500,534000
20231228,11:55:04,2.75,2800,534000
20231228,11:55:08,2.8,300,534000
20231228,11:55:16,2.8,2000,534000
20231228,11:55:24,2.8,100,534000
20231228,11:55:36,2.8,200,534000
20231228,11:55:58,2.75,50,534000
20231228,11:56:04,2.75,1800,534000
20231228,11:56:09,2.75,2700,534000
20231228,11:56:18,2.75,1800,534000
20231228,11:56:26,2.8,50,534000
20231228,11:56:34,2.75,800,534000
20231228,11:56:47,2.75,1250,534000
20231228,11:56:59,2.75,750,534000
20231228,11:57:16,2.75,300,545150
20231228,11:57:20,2.75,1600,545150
20231228,11:57:24,2.75,1550,545150
20231228,11:57:28,2.75,50,545150
20231228,11:57:32,2.75,1800,545150
20231228,11:57:49,2.75,2200,545150
20231228,11:57:53,2.8,950,545150
20231228,11:57:57,2.75,50,545150
20231228,11:58:01,2.75,350,545150
20231228,11:58:06,2.75,2300,545150
20231228,11:58:10,2.75,350,545150
20231228,11:58:13,2.75,100,545150
20231228,11:59:12,2.7,100,545150
20231228,11:59:16,2.75,50,545150
20231228,11:59:24,2.7,1800,545150
20231228,11:59:28,2.75,1000,545150
20231228,11:59:32,2.7,3000,545150
20231228,11:59:36,2.7,500,545150
20231228,11:59:40,2.7,1800,545150
20231228,11:59:47,2.7,600,545150
20231228,11:59:52,2.7,100,545150
20231228,11:59:57,2.7,2000,545150
20231228,12:00:05,2.7,1700,545150
20231228,12:00:10,2.65,2100,557600
20231228,12:00:28,2.7,50,557600
20231228,12:00:32,2.65,2450,557600
20231228,12:00:41,2.65,1800,557600
20231228,12:00:49,2.65,250,557600
20231228,12:00:53,2.6,1800,557600
20231228,12:00:58,2.65,1650,557600
20231228,12:01:03,2.6,7600,557600
20231228,12:01:12,2.6,850,557600
20231228,12:01:16,2.55,1800,557600
20231228,12:01:21,2.65,19850,557600
20231228,12:01:29,2.7,18550,557600
20231228,12:01:37,2.75,600,557600
20231228,12:01:41,2.7,1200,557600
20231228,12:01:49,2.7,1800,557600
20231228,12:02:00,2.7,1200,557600
20231228,12:02:04,2.7,200,557600
20231228,12:02:13,2.7,1150,557600
20231228,12:02:17,2.75,150,557600
20231228,12:02:21,2.7,250,557600
20231228,12:02:33,2.75,50,557600
20231228,12:02:39,2.75,100,557600
20231228,12:02:43,2.7,150,557600
20231228,12:02:48,2.7,3350,557600
20231228,12:02:57,2.75,1100,557600
20231228,12:03:01,2.75,100,557600
20231228,12:03:19,2.7,350,586050
20231228,12:03:36,2.7,2500,586050
20231228,12:03:40,2.7,400,586050
20231228,12:03:45,2.75,1000,586050
20231228,12:04:01,2.75,600,586050
20231228,12:04:29,2.7,2000,586050
20231228,12:04:33,2.7,350,586050
20231228,12:04:46,2.7,200,586050
20231228,12:04:50,2.7,500,586050
20231228,12:05:02,2.7,400,586050
20231228,12:05:11,2.65,300,586050
20231228,12:05:25,2.75,250,586050
20231228,12:05:29,2.75,400,586050
20231228,12:05:48,2.75,1100,586050
20231228,12:05:57,2.75,150,586050
20231228,12:06:01,2.7,300,586050
20231228,12:06:06,2.7,600,586050
20231228,12:06:32,2.75,150,587900
20231228,12:06:57,2.7,1000,587900
20231228,12:07:06,2.7,100,587900
20231228,12:07:19,2.65,100,587900
20231228,12:07:23,2.65,50,587900
20231228,12:07:27,2.65,50,587900
20231228,12:07:35,2.7,12200,587900
20231228,12:07:53,2.75,400,587900
20231228,12:07:59,2.7,300,587900
20231228,12:08:13,2.7,1400,587900
20231228,12:08:30,2.7,200,587900
20231228,12:08:54,2.75,500,587900
20231228,12:09:02,2.7,750,587900
20231228,12:09:12,2.75,100,602650
20231228,12:09:22,2.75,250,602650
20231228,12:09:26,2.7,4100,602650
20231228,12:09:31,2.7,50,602650
20231228,12:09:35,2.75,400,602650
20231228,12:09:39,2.7,3600,602650
20231228,12:09:47,2.7,1000,602650
20231228,12:10:11,2.7,300,602650
20231228,12:10:17,2.7,50,602650
20231228,12:10:38,2.7,50,602650
20231228,12:11:04,2.75,500,602650
20231228,12:11:16,2.8,450,602650
20231228,12:11:36,2.8,200,602650
20231228,12:12:27,2.75,50,609450
20231228,12:12:35,2.8,250,609450
20231228,12:12:45,2.75,50,609450
20231228,12:12:57,2.75,200,609450
20231228,12:13:55,2.75,650,609450
20231228,12:14:01,2.8,1700,609450
20231228,12:14:07,2.8,2050,609450
20231228,12:14:12,2.75,100,609450
20231228,12:14:23,2.8,650,609450
20231228,12:14:28,2.8,750,609450
20231228,12:14:33,2.8,250,609450
20231228,12:14:39,2.8,50,609450
20231228,12:14:44,2.75,50,609450
20231228,12:15:08,2.8,250,609450
20231228,12:15:30,2.8,900,610050
20231228,12:15:43,2.75,300,610050
20231228,12:16:01,2.8,300,610050
20231228,12:16:09,2.8,1600,610050
20231228,12:16:13,2.8,3200,610050
20231228,12:16:17,2.8,200,610050
20231228,12:16:25,2.8,4000,610050
20231228,12:17:14,2.8,3350,610050
20231228,12:17:18,2.75,2200,610050
20231228,12:17:27,2.8,3000,610050
20231228,12:17:31,2.85,400,610050
20231228,12:17:58,2.85,5100,610050
20231228,12:18:06,2.8,100,610050
20231228,12:19:23,2.9,1800,612100
20231228,12:19:45,2.9,50,612100
20231228,12:20:19,2.85,450,612100
20231228,12:20:44,2.85,350,612100
20231228,12:21:32,2.95,100,614550
20231228,12:21:57,2.95,500,614550
20231228,12:22:23,2.95,1850,614550
20231228,12:22:29,2.9,50,614550
20231228,12:22:35,2.9,100,614550
20231228,12:22:57,3.0,800,614550
20231228,12:23:07,3.0,50,614550
20231228,12:23:13,2.9,500,614550
20231228,12:23:38,3.0,100,614550
20231228,12:23:49,3.0,100,614550
20231228,12:23:55,3.0,600,614550
20231228,12:24:00,3.0,1800,614550
20231228,12:24:14,3.0,350,614550
20231228,12:24:54,3.0,50,620550
20231228,12:25:20,3.0,500,620550
20231228,12:25:31,3.0,1800,620550
20231228,12:25:46,3.0,200,620550
20231228,12:25:52,3.05,300,620550
20231228,12:26:13,3.05,550,620550
20231228,12:26:18,3.05,400,620550
20231228,12:26:23,3.05,100,620550
20231228,12:26:28,3.05,300,620550
20231228,12:26:38,3.0,1700,620550
20231228,12:27:10,2.95,1100,620550
20231228,12:27:35,2.95,500,623950
20231228,12:27:40,2.95,1800,623950
20231228,12:27:46,2.95,750,623950
20231228,12:27:52,2.9,2050,623950
20231228,12:28:04,2.9,100,623950
20231228,12:28:18,2.95,250,623950
20231228,12:28:24,2.9,5000,623950
20231228,12:28:59,2.95,2000,623950
20231228,12:29:05,3.0,50,623950
20231228,12:29:11,3.0,200,623950
20231228,12:29:17,3.0,1200,623950
20231228,12:29:23,3.0,400,623950
20231228,12:29:34,3.0,150,623950
20231228,12:29:46,3.0,200,623950
20231228,12:30:10,3.0,600,623950
20231228,12:30:44,2.9,1400,627350
20231228,12:30:49,2.9,50,627350
20231228,12:30:55,2.95,1250,627350
20231228,12:31:06,2.95,150,627350
20231228,12:31:27,2.95,300,627350
20231228,12:31:38,3.0,50,627350
20231228,12:31:44,3.0,100,627350
20231228,12:32:00,2.95,250,627350
20231228,12:32:06,2.95,600,627350
20231228,12:32:11,3.0,100,627350
20231228,12:32:22,3.0,700,627350
20231228,12:32:27,3.0,300,627350
20231228,12:32:33,3.0,650,627350
20231228,12:32:39,2.95,2000,627350
20231228,12:32:55,2.95,1000,627350
20231228,12:34:37,2.95,50,626250
20231228,12:34:42,2.95,50,626250
20231228,12:35:02,2.95,300,626250
20231228,12:35:07,2.95,450,626250
20231228,12:35:24,2.95,250,626250
20231228,12:35:42,2.9,3300,626250
20231228,12:35:48,2.9,1800,626250
20231228,12:35:53,2.9,1600,626250
20231228,12:35:58,2.95,200,626250
20231228,12:36:14,2.9,200,626250
20231228,12:36:28,2.9,50,626950
20231228,12:36:33,2.85,1400,626950
20231228,12:36:48,2.85,1350,626950
20231228,12:37:13,2.8,250,626950
20231228,12:37:24,2.85,50,626950
20231228,12:37:34,2.85,50,626950
20231228,12:37:45,2.85,50,626950
20231228,12:38:05,2.85,1000,626950
20231228,12:38:15,2.85,50,626950
20231228,12:38:47,2.8,3600,626950
20231228,12:38:52,2.8,1800,626950
20231228,12:38:57,2.8,2650,626950
20231228,12:39:28,2.85,100,628400
20231228,12:39:39,2.85,900,628400
20231228,12:40:00,2.8,50,628400
20231228,12:40:05,2.8,500,628400
20231228,12:40:36,2.8,500,628400
20231228,12:40:41,2.85,500,628400
20231228,12:40:46,2.85,850,628400
20231228,12:40:56,2.85,1100,628400
20231228,12:41:05,2.8,6750,628400
20231228,12:41:10,2.8,500,628400
20231228,12:41:15,2.8,250,628400
20231228,12:41:37,2.8,1800,628400
20231228,12:42:10,2.8,1000,628400
20231228,12:42:21,2.8,50,635400
20231228,12:42:24,2.8,50,635400
20231228,12:42:27,2.8,150,635400
20231228,12:42:31,2.8,1000,635400
20231228,12:42:50,2.8,100,635400
20231228,12:43:28,2.75,1850,635400
20231228,12:43:47,2.75,1900,635400
20231228,12:44:19,2.8,200,635400
20231228,12:44:32,2.8,500,635400
20231228,12:44:37,2.8,400,635400
20231228,12:44:42,2.75,1800,635400
20231228,12:44:47,2.7,200,635400
20231228,12:44:51,2.75,650,635400
20231228,12:44:56,2.75,1300,635400
20231228,12:45:01,2.75,1100,635400
20231228,12:45:26,2.75,3000,633750
20231228,12:45:54,2.75,4900,633750
20231228,12:45:58,2.75,4800,633750
20231228,12:46:03,2.75,550,633750
20231228,12:46:30,2.75,5650,633750
20231228,12:46:36,2.75,100,633750
20231228,12:46:58,2.8,250,633750
20231228,12:47:04,2.8,700,633750
20231228,12:47:10,2.65,11100,633750
20231228,12:47:15,2.65,2600,633750
20231228,12:47:36,2.75,50,633750
20231228,12:47:41,2.75,50,633750
20231228,12:47:46,2.75,100,633750
20231228,12:47:56,2.75,1850,633750
20231228,12:48:01,2.75,50,633750
20231228,12:48:06,2.75,300,633750
20231228,12:48:12,2.75,700,633750
20231228,12:48:22,2.8,100,616450
20231228,12:48:47,2.75,1800,616450
20231228,12:48:56,2.75,1500,616450
20231228,12:49:21,2.7,100,616450
20231228,12:49:48,2.75,550,616450
20231228,12:49:57,2.75,500,616450
20231228,12:50:10,2.7,450,616450
20231228,12:50:15,2.75,2500,616450
20231228,12:50:23,2.75,500,616450
20231228,12:50:28,2.75,250,616450
20231228,12:50:36,2.75,2100,616450
20231228,12:50:44,2.8,500,616450
20231228,12:51:00,2.75,1000,616450
20231228,12:51:07,2.7,4850,616450
20231228,12:51:23,2.7,1200,625950
20231228,12:51:34,2.75,1600,625950
20231228,12:51:44,2.75,150,625950
20231228,12:51:48,2.8,750,625950
20231228,12:52:07,2.75,1800,625950
20231228,12:52:48,2.7,1050,625950
20231228,12:52:56,2.75,50,625950
20231228,12:53:01,2.75,250,625950
20231228,12:53:06,2.8,50,625950
20231228,12:53:17,2.8,100,625950
20231228,12:53:32,2.8,400,625950
20231228,12:53:55,2.8,1000,625950
20231228,12:54:00,2.8,1800,625950
20231228,12:54:56,2.8,1800,629750
20231228,12:55:17,2.75,1650,629750
20231228,12:56:12,2.75,100,629750
20231228,12:56:20,2.8,100,629750
20231228,12:56:33,2.8,500,629750
20231228,12:56:37,2.75,1800,629750
20231228,12:56:42,2.75,50,629750
20231228,12:56:51,2.7,900,629750
20231228,12:56:55,2.7,1750,629750
20231228,12:57:04,2.7,1800,629750
20231228,12:57:09,2.75,200,629750
20231228,12:57:13,2.75,250,629750
20231228,12:57:18,2.7,8000,629750
20231228,12:57:36,2.75,550,641550
20231228,12:58:05,2.7,450,641550
20231228,12:58:14,2.7,550,641550
20231228,12:59:00,2.75,250,641550
20231228,12:59:04,2.75,150,641550
20231228,12:59:17,2.75,1250,641550
20231228,12:59:50,2.75,50,641550
20231228,12:59:59,2.75,1000,641550
20231228,13:00:20,2.75,250,641550
20231228,13:00:46,2.7,50,643050
20231228,13:01:22,2.75,400,643050
20231228,13:01:26,2.75,3600,643050
20231228,13:01:30,2.75,400,643050
20231228,13:01:50,2.75,300,643050
20231228,13:02:18,2.75,2100,643050
20231228,13:02:31,2.75,150,643050
20231228,13:03:05,2.75,100,643050
20231228,13:03:46,2.7,6550,644200
20231228,13:03:57,2.65,150,644200
20231228,13:04:21,2.65,15150,644200
20231228,13:04:25,2.7,150,644200
20231228,13:04:38,2.65,4000,644200
20231228,13:04:54,2.65,1800,644200
20231228,13:05:02,2.65,50,644200
20231228,13:05:06,2.7,1800,644200
20231228,13:05:54,2.7,50,644200
20231228,13:06:02,2.7,1750,644200
20231228,13:06:45,2.7,2300,636750
20231228,13:06:51,2.65,50,636750
20231228,13:07:33,2.7,400,636750
20231228,13:07:36,2.65,50,636750
20231228,13:07:47,2.7,700,636750
20231228,13:07:58,2.7,200,636750
20231228,13:08:10,2.7,200,636750
20231228,13:08:23,2.7,1500,636750
20231228,13:08:45,2.65,100,636750
20231228,13:08:59,2.65,50,636750
20231228,13:09:37,2.7,50,636650
20231228,13:09:42,2.65,50,636650
20231228,13:09:52,2.75,50,636650
20231228,13:10:08,2.65,600,636650
20231228,13:10:12,2.7,50,636650
20231228,13:10:25,2.65,3600,636650
20231228,13:10:29,2.65,10500,636650
20231228,13:10:34,2.65,250,636650
20231228,13:10:46,2.65,150,636650
20231228,13:10:50,2.65,5450,636650
20231228,13:10:54,2.65,950,636650
20231228,13:11:03,2.65,1000,636650
20231228,13:11:07,2.65,250,636650
20231228,13:11:19,2.7,900,636650
20231228,13:11:24,2.7,100,636650
20231228,13:11:36,2.65,200,636650
20231228,13:11:50,2.65,5050,636650
20231228,13:12:10,2.7,300,636650
20231228,13:12:24,2.7,250,653250
20231228,13:12:28,2.7,150,653250
20231228,13:12:37,2.7,1000,653250
20231228,13:12:57,2.75,300,653250
20231228,13:13:17,2.7,1000,653250
20231228,13:13:27,2.7,50,653250
20231228,13:13:39,2.75,500,653250
20231228,13:13:50,2.75,300,653250
20231228,13:13:56,2.65,1000,653250
20231228,13:14:01,2.7,1800,653250
20231228,13:14:11,2.7,600,653250
20231228,13:14:36,2.7,50,653250
20231228,13:15:28,2.75,3600,657750
20231228,13:15:33,2.75,2500,657750
20231228,13:15:43,2.7,3900,657750
20231228,13:16:02,2.7,1000,657750
20231228,13:17:13,2.7,150,657750
20231228,13:17:17,2.7,50,657750
20231228,13:17:40,2.65,2400,657750
20231228,13:17:44,2.65,7500,657750
20231228,13:17:58,2.7,11350,657750
20231228,13:18:04,2.8,10450,657750
20231228,13:18:09,2.8,13450,657750
20231228,13:18:14,2.8,6350,657750
20231228,13:18:19,2.8,1400,657750
20231228,13:18:24,2.8,1050,657750
20231228,13:18:29,2.85,1100,710400
20231228,13:18:33,2.85,700,710400
20231228,13:18:38,2.8,3800,710400
20231228,13:18:43,2.85,450,710400
20231228,13:18:47,2.85,600,710400
20231228,13:18:52,2.85,600,710400
20231228,13:18:57,2.9,100,710400
20231228,13:19:02,2.85,5600,710400
20231228,13:19:06,2.85,1850,710400
20231228,13:19:11,2.9,7600,710400
20231228,13:19:16,2.8,1800,710400
20231228,13:19:20,2.9,2050,710400
20231228,13:19:30,2.9,100,710400
20231228,13:19:34,2.85,700,710400
20231228,13:19:39,2.9,2900,710400
20231228,13:19:44,2.9,900,710400
20231228,13:19:58,2.9,600,710400
20231228,13:20:02,2.95,400,710400
20231228,13:20:07,2.95,500,710400
20231228,13:20:20,2.95,500,710400
20231228,13:20:32,2.9,3350,710400
20231228,13:21:03,2.85,1500,710400
20231228,13:21:15,2.85,1750,710400
20231228,13:21:20,2.9,200,710400
20231228,13:21:38,2.85,1000,722600
20231228,13:21:46,2.85,1800,722600
20231228,13:21:49,2.85,8200,722600
20231228,13:22:01,2.85,1000,722600
20231228,13:22:14,2.85,3100,722600
20231228,13:22:22,2.85,250,722600
20231228,13:22:52,2.85,250,722600
20231228,13:23:04,2.85,1600,722600
20231228,13:23:25,2.8,200,722600
20231228,13:23:44,2.85,100,722600
20231228,13:23:48,2.8,50,722600
20231228,13:23:52,2.8,4000,722600
20231228,13:24:15,2.8,200,722600
20231228,13:24:27,2.8,250,723600
20231228,13:24:42,2.8,550,723600
20231228,13:25:33,2.8,1550,723600
20231228,13:25:41,2.85,850,723600
20231228,13:25:54,2.85,250,723600
20231228,13:26:03,2.85,250,723600
20231228,13:26:14,2.8,150,723600
20231228,13:26:32,2.8,1550,723600
20231228,13:26:45,2.8,1350,723600
20231228,13:27:19,2.8,50,723600
20231228,13:27:23,2.8,200,723900
20231228,13:27:28,2.8,50,723900
20231228,13:27:45,2.75,1800,723900
20231228,13:27:59,2.75,3650,723900
20231228,13:28:07,2.75,900,723900
20231228,13:28:15,2.75,500,723900
20231228,13:28:26,2.75,2050,723900
20231228,13:28:31,2.8,100,723900
20231228,13:28:40,2.75,650,723900
20231228,13:28:44,2.75,250,723900
20231228,13:28:52,2.75,100,723900
20231228,13:28:56,2.75,100,723900
20231228,13:29:01,2.8,500,723900
20231228,13:29:05,2.8,100,723900
20231228,13:29:10,2.8,50,723900
20231228,13:29:27,2.75,50,723900
20231228,13:29:52,2.8,450,723900
20231228,13:30:00,2.8,900,723900
20231228,13:30:35,2.75,200,727300
20231228,13:30:38,2.8,350,727300
20231228,13:30:45,2.8,750,727300
20231228,13:30:52,2.75,100,727300
20231228,13:31:42,2.8,500,727300
20231228,13:31:47,2.8,1000,727300
20231228,13:31:54,2.8,1500,727300
20231228,13:32:09,2.8,1000,727300
20231228,13:32:34,2.75,350,727300
20231228,13:32:58,2.8,1000,727300
20231228,13:33:06,2.75,150,727300
20231228,13:33:41,2.8,500,732100
20231228,13:33:46,2.75,800,732100
20231228,13:33:55,2.8,50,732100
20231228,13:34:10,2.8,500,732100
20231228,13:34:30,2.75,3200,732100
20231228,13:35:16,2.75,50,732100
20231228,13:35:43,2.75,550,732100
20231228,13:35:47,2.75,250,732100
20231228,13:35:52,2.75,650,732100
20231228,13:36:21,2.75,250,732100
20231228,13:36:32,2.8,1000,734200
20231228,13:36:37,2.8,450,734200
20231228,13:36:42,2.75,1800,734200
20231228,13:36:49,2.75,500,734200
20231228,13:37:05,2.8,50,734200
20231228,13:37:16,2.8,250,734200
20231228,13:37:39,2.8,300,734200
20231228,13:37:52,2.75,100,734200
20231228,13:37:56,2.75,100,734200
20231228,13:38:10,2.75,50,734200
20231228,13:38:19,2.8,150,734200
20231228,13:38:33,2.75,2000,734200
20231228,13:38:37,2.75,1750,734200
20231228,13:38:42,2.75,2350,734200
20231228,13:38:51,2.7,450,734200
20231228,13:38:55,2.75,1550,734200
20231228,13:39:00,2.75,350,734200
20231228,13:39:05,2.75,150,734200
20231228,13:39:09,2.75,250,734200
20231228,13:39:14,2.75,50,734200
20231228,13:39:30,2.75,50,741050
20231228,13:39:35,2.8,21100,741050
20231228,13:39:40,2.8,1250,741050
20231228,13:39:48,2.75,1650,741050
20231228,13:39:51,2.8,150,741050
20231228,13:39:55,2.8,150,741050
20231228,13:40:03,2.8,550,741050
20231228,13:40:07,2.8,200,741050
20231228,13:40:11,2.8,13000,741050
20231228,13:40:14,2.8,100,741050
20231228,13:40:18,2.8,3900,741050
20231228,13:40:27,2.8,900,741050
20231228,13:40:35,2.8,50,741050
20231228,13:40:51,2.8,100,741050
20231228,13:40:56,2.8,3300,741050
20231228,13:40:59,2.8,100,741050
20231228,13:41:07,2.8,1800,741050
20231228,13:41:11,2.8,450,741050
20231228,13:41:20,2.8,1700,741050
20231228,13:41:29,2.8,2800,741050
20231228,13:41:33,2.8,150,741050
20231228,13:41:42,2.85,100,741050
20231228,13:41:46,2.8,1000,741050
20231228,13:41:51,2.8,1850,741050
20231228,13:42:00,2.8,4150,741050
20231228,13:42:14,2.85,3600,741050
20231228,13:42:18,2.8,3000,741050
20231228,13:43:02,2.85,300,794200
20231228,13:43:10,2.8,2500,794200
20231228,13:43:23,2.8,1000,794200
20231228,13:43:26,2.8,450,794200
20231228,13:43:31,2.8,200,794200
20231228,13:43:35,2.8,1000,794200
20231228,13:43:52,2.8,150,794200
20231228,13:44:11,2.75,2800,794200
20231228,13:44:19,2.75,1000,794200
20231228,13:44:23,2.75,50,794200
20231228,13:44:38,2.75,50,794200
20231228,13:44:46,2.8,50,794200
20231228,13:45:02,2.8,2000,794200
20231228,13:45:07,2.75,50,794200
20231228,13:45:23,2.75,600,794200
20231228,13:45:28,2.75,1050,795300
20231228,13:45:32,2.75,550,795300
20231228,13:45:53,2.7,500,795300
20231228,13:45:59,2.75,1150,795300
20231228,13:46:05,2.75,300,795300
20231228,13:46:10,2.75,750,795300
20231228,13:46:15,2.75,1600,795300
20231228,13:46:20,2.75,250,795300
20231228,13:46:26,2.7,10700,795300
20231228,13:46:31,2.8,6350,795300
20231228,13:46:36,2.85,10850,795300
20231228,13:46:42,2.8,17100,795300
20231228,13:46:47,2.8,3050,795300
20231228,13:46:51,2.8,3200,795300
20231228,13:46:56,2.85,4200,795300
20231228,13:47:00,2.8,700,795300
20231228,13:47:05,2.8,400,795300
20231228,13:47:19,2.8,450,795300
20231228,13:47:28,2.85,200,795300
20231228,13:47:43,2.8,100,795300
20231228,13:47:47,2.8,1250,795300
20231228,13:48:30,2.7,1550,846350
20231228,13:48:34,2.7,32900,846350
20231228,13:48:38,2.7,1050,846350
20231228,13:48:42,2.7,1000,846350
20231228,13:49:12,2.75,4000,846350
20231228,13:49:19,2.7,1800,846350
20231228,13:49:23,2.7,1800,846350
20231228,13:50:11,2.75,2550,846350
20231228,13:50:24,2.7,500,846350
20231228,13:50:27,2.7,350,846350
20231228,13:51:03,2.7,100,846350
20231228,13:51:07,2.7,350,846350
20231228,13:51:15,2.65,2000,846350
20231228,13:52:03,2.7,50,876050
20231228,13:52:07,2.65,4700,876050
20231228,13:52:16,2.6,100,876050
20231228,13:52:32,2.65,750,876050
20231228,13:52:36,2.65,250,876050
20231228,13:52:44,2.65,800,876050
20231228,13:52:52,2.6,1000,876050
20231228,13:52:56,2.6,1800,876050
20231228,13:52:59,2.65,2200,876050
20231228,13:53:02,2.6,1000,876050
20231228,13:53:14,2.6,750,876050
20231228,13:53:24,2.6,1800,876050
20231228,13:53:36,2.65,5550,876050
20231228,13:53:40,2.65,300,876050
20231228,13:53:51,2.65,5400,876050
20231228,13:54:11,2.65,3600,876050
20231228,13:54:53,2.65,100,898250
20231228,13:55:06,2.7,10000,898250
20231228,13:55:11,2.6,400,898250
20231228,13:55:16,2.6,850,898250
20231228,13:55:45,2.6,3350,898250
20231228,13:55:49,2.6,500,898250
20231228,13:55:55,2.6,2300,898250
20231228,13:56:04,2.6,250,898250
20231228,13:56:26,2.6,100,898250
20231228,13:56:38,2.65,50,898250
20231228,13:56:46,2.6,1050,898250
20231228,13:57:04,2.65,50,898250
20231228,13:57:08,2.65,8050,898250
20231228,13:57:12,2.65,250,898250
20231228,13:57:26,2.75,8600,898250
20231228,13:57:34,2.65,1900,919950
20231228,13:57:54,2.7,1800,919950
20231228,13:58:00,2.65,1750,919950
20231228,13:58:05,2.65,2300,919950
20231228,13:58:15,2.7,150,919950
20231228,13:58:25,2.7,2700,919950
20231228,13:58:54,2.7,150,919950
20231228,13:58:58,2.7,50,919950
20231228,13:59:06,2.65,500,919950
20231228,13:59:15,2.7,500,919950
20231228,13:59:22,2.7,8050,919950
20231228,13:59:33,2.7,500,919950
20231228,13:59:38,2.65,1500,919950
20231228,13:59:42,2.7,250,919950
20231228,13:59:53,2.7,450,919950
20231228,13:59:57,2.65,100,919950
20231228,14:00:12,2.65,150,919950
20231228,14:00:22,2.7,100,919950
20231228,14:00:32,2.6,300,932050
20231228,14:00:37,2.65,600,932050
20231228,14:01:08,2.65,550,932050
20231228,14:01:18,2.7,2500,932050
20231228,14:01:31,2.7,200,932050
20231228,14:01:48,2.65,300,932050
20231228,14:01:57,2.65,500,932050
20231228,14:02:10,2.7,2500,932050
20231228,14:02:14,2.7,6000,932050
20231228,14:02:30,2.65,1450,932050
20231228,14:02:46,2.7,1500,932050
20231228,14:03:05,2.65,3650,932050
20231228,14:03:45,2.7,1800,935000
20231228,14:03:56,2.7,8200,935000
20231228,14:04:01,2.75,3250,935000
20231228,14:04:12,2.75,250,935000
20231228,14:04:17,2.75,1550,935000
20231228,14:04:39,2.7,3000,935000
20231228,14:04:57,2.65,1000,935000
20231228,14:05:02,2.65,2000,935000
20231228,14:05:08,2.65,3400,935000
20231228,14:05:20,2.65,1550,935000
20231228,14:05:25,2.65,2600,935000
20231228,14:05:42,2.7,50,935000
20231228,14:05:47,2.65,800,935000
20231228,14:06:11,2.65,300,935000
20231228,14:06:16,2.65,100,935000
20231228,14:06:38,2.7,1000,953550
20231228,14:07:02,2.65,300,953550
20231228,14:07:07,2.7,800,953550
20231228,14:07:11,2.7,3650,953550
20231228,14:07:35,2.7,100,953550
20231228,14:07:41,2.65,1000,953550
20231228,14:07:46,2.65,2500,953550
20231228,14:07:55,2.7,50,953550
20231228,14:08:20,2.7,250,953550
20231228,14:08:25,2.7,250,953550
20231228,14:08:50,2.7,100,953550
20231228,14:09:04,2.65,500,953550
20231228,14:09:23,2.7,350,953550
20231228,14:09:34,2.65,1800,949800
20231228,14:09:51,2.65,1800,949800
20231228,14:09:55,2.7,150,949800
20231228,14:09:59,2.7,500,949800
20231228,14:10:07,2.65,300,949800
20231228,14:10:18,2.7,150,949800
20231228,14:10:22,2.65,200,949800
20231228,14:10:37,2.7,50,949800
20231228,14:10:41,2.65,1500,949800
20231228,14:10:51,2.65,4750,949800
20231228,14:10:57,2.65,50,949800
20231228,14:11:02,2.65,50,949800
20231228,14:11:07,2.6,1800,949800
20231228,14:11:12,2.65,50,949800
20231228,14:11:16,2.65,500,949800
20231228,14:11:22,2.6,100,949800
20231228,14:11:32,2.65,250,949800
20231228,14:11:36,2.6,250,949800
20231228,14:11:41,2.6,1000,949800
20231228,14:12:04,2.6,1950,949800
20231228,14:12:10,2.6,200,949800
20231228,14:12:19,2.6,1800,949800
20231228,14:12:23,2.6,3450,949800
20231228,14:12:28,2.6,250,949800
20231228,14:12:32,2.55,1800,956050
20231228,14:12:37,2.55,2750,956050
20231228,14:12:41,2.55,2450,956050
20231228,14:12:46,2.55,1900,956050
20231228,14:12:51,2.5,1750,956050
20231228,14:12:55,2.5,1500,956050
20231228,14:13:08,2.5,100,956050
20231228,14:13:13,2.5,1550,956050
20231228,14:13:17,2.55,300,956050
20231228,14:13:22,2.55,16100,956050
20231228,14:13:35,2.5,500,956050
20231228,14:13:47,2.5,550,956050
20231228,14:14:09,2.5,1500,956050
20231228,14:14:13,2.55,1550,956050
20231228,14:14:21,2.6,2850,956050
20231228,14:14:26,2.55,13500,956050
20231228,14:14:31,2.55,1800,956050
20231228,14:14:36,2.6,200,956050
20231228,14:14:51,2.55,1000,956050
20231228,14:15:02,2.55,6100,956050
20231228,14:15:08,2.55,6100,956050
20231228,14:15:13,2.5,50,956050
20231228,14:15:18,2.5,150,956050
20231228,14:15:28,2.5,4300,956050
20231228,14:15:33,2.5,1800,991950
20231228,14:15:37,2.5,1800,991950
20231228,14:15:47,2.55,2000,991950
20231228,14:15:51,2.5,200,991950
20231228,14:15:55,2.5,2500,991950
20231228,14:16:00,2.5,4650,991950
20231228,14:16:04,2.5,550,991950
20231228,14:16:09,2.45,1900,991950
20231228,14:16:18,2.45,5450,991950
20231228,14:16:22,2.45,1850,991950
20231228,14:16:27,2.45,5600,991950
20231228,14:16:31,2.45,1750,991950
20231228,14:16:36,2.45,1950,991950
20231228,14:16:40,2.45,2650,991950
20231228,14:16:45,2.4,3800,991950
20231228,14:16:48,2.4,250,991950
20231228,14:16:57,2.4,400,991950
20231228,14:17:01,2.4,2000,991950
20231228,14:17:05,2.35,200,991950
20231228,14:17:10,2.4,900,991950
20231228,14:17:21,2.35,400,991950
20231228,14:17:32,2.4,3600,991950
20231228,14:17:39,2.4,1750,991950
20231228,14:17:44,2.4,500,991950
20231228,14:17:48,2.4,50,991950
20231228,14:17:52,2.4,1150,991950
20231228,14:18:00,2.4,300,991950
20231228,14:18:04,2.4,1000,991950
20231228,14:18:08,2.35,500,991950
20231228,14:18:17,2.35,1100,991950
20231228,14:18:22,2.35,1200,991950
20231228,14:18:27,2.4,1150,991950
20231228,14:18:38,2.4,100,994250
20231228,14:18:43,2.4,50,994250
20231228,14:18:48,2.4,1300,994250
20231228,14:18:56,2.4,950,994250
20231228,14:19:01,2.4,2000,994250
20231228,14:19:06,2.35,100,994250
20231228,14:19:13,2.4,1000,994250
20231228,14:19:18,2.35,200,994250
20231228,14:19:23,2.35,500,994250
20231228,14:19:28,2.4,1050,994250
20231228,14:19:33,2.35,200,994250
20231228,14:19:38,2.4,2550,994250
20231228,14:19:43,2.35,2900,994250
20231228,14:19:53,2.3,200,994250
20231228,14:20:03,2.3,2500,994250
20231228,14:20:08,2.3,10300,994250
20231228,14:20:13,2.25,1350,994250
20231228,14:20:21,2.25,1100,994250
20231228,14:20:29,2.25,900,994250
20231228,14:20:33,2.3,700,994250
20231228,14:20:42,2.3,3050,994250
20231228,14:20:46,2.3,2300,994250
20231228,14:20:51,2.25,1350,994250
20231228,14:20:56,2.3,900,994250
20231228,14:21:00,2.3,1150,994250
20231228,14:21:04,2.25,200,994250
20231228,14:21:09,2.3,1000,994250
20231228,14:21:13,2.3,300,994250
20231228,14:21:19,2.3,950,994250
20231228,14:21:28,2.3,50,994250
20231228,14:21:36,2.25,600,1006750
20231228,14:21:41,2.25,50,1006750
20231228,14:21:45,2.3,1000,1006750
20231228,14:21:53,2.25,1000,1006750
20231228,14:21:57,2.3,150,1006750
20231228,14:22:02,2.3,1050,1006750
20231228,14:22:06,2.25,3050,1006750
20231228,14:22:11,2.25,100,1006750
20231228,14:22:15,2.25,200,1006750
20231228,14:22:19,2.25,1200,1006750
20231228,14:22:32,2.3,1000,1006750
20231228,14:22:45,2.25,2500,1006750
20231228,14:22:49,2.25,1100,1006750
20231228,14:22:57,2.3,50,1006750
20231228,14:23:01,2.3,50,1006750
20231228,14:23:06,2.3,1050,1006750
20231228,14:23:10,2.25,500,1006750
20231228,14:23:14,2.25,2500,1006750
20231228,14:23:19,2.25,1500,1006750
20231228,14:23:23,2.25,50,1006750
20231228,14:23:36,2.25,500,1006750
20231228,14:23:41,2.25,800,1006750
20231228,14:23:45,2.25,1300,1006750
20231228,14:23:50,2.25,800,1006750
20231228,14:23:54,2.25,200,1006750
20231228,14:23:58,2.2,5400,1006750
20231228,14:24:07,2.2,550,1006750
20231228,14:24:14,2.2,850,1006750
20231228,14:24:22,2.25,50,1006750
20231228,14:24:26,2.2,5150,1006750
20231228,14:24:30,2.2,250,1006750
20231228,14:24:34,2.2,750,1019050
20231228,14:24:41,2.2,50,1019050
20231228,14:24:45,2.2,600,1019050
20231228,14:24:48,2.2,300,1019050
20231228,14:24:51,2.2,550,1019050
20231228,14:24:55,2.15,600,1019050
20231228,14:24:59,2.15,600,1019050
20231228,14:25:03,2.15,1350,1019050
20231228,14:25:07,2.15,250,1019050
20231228,14:25:10,2.15,50,1019050
20231228,14:25:14,2.2,50,1019050
20231228,14:25:25,2.2,500,1019050
20231228,14:25:28,2.2,1000,1019050
20231228,14:25:32,2.2,300,1019050
20231228,14:25:35,2.2,1600,1019050
20231228,14:25:39,2.25,50,1019050
20231228,14:25:43,2.2,800,1019050
20231228,14:25:47,2.25,2300,1019050
20231228,14:25:50,2.2,200,1019050
20231228,14:26:13,2.2,50,1019050
20231228,14:26:18,2.2,1850,1019050
20231228,14:26:22,2.25,50,1019050
20231228,14:26:25,2.25,1850,1019050
20231228,14:26:30,2.25,1850,1019050
20231228,14:26:39,2.25,200,1019050
20231228,14:26:46,2.2,2000,1019050
20231228,14:26:54,2.25,100,1019050
20231228,14:27:01,2.25,50,1019050
20231228,14:27:12,2.25,1000,1019050
20231228,14:27:16,2.25,500,1019050
20231228,14:27:19,2.25,200,1019050
20231228,14:27:35,2.25,3200,1022500
20231228,14:27:40,2.25,1950,1022500
20231228,14:27:56,2.25,600,1022500
20231228,14:28:00,2.25,400,1022500
20231228,14:28:08,2.25,250,1022500
20231228,14:28:12,2.25,3400,1022500
20231228,14:28:17,2.25,250,1022500
20231228,14:28:21,2.25,500,1022500
20231228,14:28:25,2.25,450,1022500
20231228,14:28:29,2.25,6350,1022500
20231228,14:28:33,2.25,1800,1022500
20231228,14:28:38,2.2,1050,1022500
20231228,14:28:43,2.25,7850,1022500
20231228,14:28:48,2.3,700,1022500
20231228,14:28:57,2.25,100,1022500
20231228,14:29:05,2.3,1050,1022500
20231228,14:29:09,2.3,6050,1022500
20231228,14:29:14,2.25,3550,1022500
20231228,14:29:19,2.25,1900,1022500
20231228,14:29:36,2.25,50,1022500
20231228,14:29:40,2.25,100,1022500
20231228,14:29:44,2.2,700,1022500
20231228,14:29:49,2.25,50,1022500
20231228,14:29:53,2.25,650,1022500
20231228,14:29:58,2.25,1800,1022500
20231228,14:30:03,2.2,200,1022500
20231228,14:30:17,2.25,50,1022500
20231228,14:30:23,2.25,1200,1022500
20231228,14:30:28,2.25,1800,1022500
20231228,14:30:32,2.3,900,1035250
20231228,14:30:40,2.3,22700,1035250
20231228,14:30:45,2.3,5300,1035250
20231228,14:30:53,2.3,1250,1035250
20231228,14:31:09,2.35,2550,1035250
20231228,14:31:12,2.3,1850,1035250
20231228,14:31:19,2.3,300,1035250
20231228,14:31:22,2.3,250,1035250
20231228,14:31:26,2.35,100,1035250
20231228,14:31:29,2.3,1100,1035250
20231228,14:31:34,2.3,600,1035250
20231228,14:31:38,2.35,2500,1035250
20231228,14:31:42,2.3,1250,1035250
20231228,14:31:46,2.25,1100,1035250
20231228,14:31:50,2.3,500,1035250
20231228,14:32:06,2.25,5400,1035250
20231228,14:32:10,2.25,5550,1035250
20231228,14:32:14,2.25,1800,1035250
20231228,14:32:18,2.2,2400,1035250
20231228,14:32:25,2.2,1750,1035250
20231228,14:32:32,2.2,7600,1035250
20231228,14:32:36,2.2,8200,1035250
20231228,14:32:40,2.15,6000,1035250
20231228,14:32:47,2.15,1800,1035250
20231228,14:32:51,2.15,1800,1035250
20231228,14:32:54,2.2,900,1035250
20231228,14:33:13,2.15,950,1035250
20231228,14:33:18,2.15,1050,1035250
20231228,14:33:21,2.2,100,1035250
20231228,14:33:25,2.15,100,1035250
20231228,14:33:29,2.15,2500,1035250
20231228,14:33:37,2.2,1000,1062300
20231228,14:33:41,2.15,300,1062300
20231228,14:33:55,2.15,150,1062300
20231228,14:33:59,2.15,50,1062300
20231228,14:34:03,2.15,10900,1062300
20231228,14:34:08,2.15,1800,1062300
20231228,14:34:12,2.1,3300,1062300
20231228,14:34:16,2.1,1500,1062300
20231228,14:34:20,2.1,550,1062300
20231228,14:34:23,2.1,7050,1062300
20231228,14:34:27,2.1,3550,1062300
20231228,14:34:31,2.1,1000,1062300
20231228,14:34:35,2.05,5650,1062300
20231228,14:34:39,2.05,13700,1062300
20231228,14:34:43,2.05,1850,1062300
20231228,14:34:47,2.05,11900,1062300
20231228,14:34:51,2.0,2200,1062300
20231228,14:34:56,2.0,8250,1062300
20231228,14:34:59,2.0,250,1062300
20231228,14:35:02,2.0,250,1062300
20231228,14:35:06,2.0,3850,1062300
20231228,14:35:10,2.05,1000,1062300
20231228,14:35:14,2.0,2250,1062300
20231228,14:35:19,2.1,4650,1062300
20231228,14:35:23,2.1,1050,1062300
20231228,14:35:27,2.05,1850,1062300
20231228,14:35:31,2.1,2000,1062300
20231228,14:35:35,2.1,1200,1062300
20231228,14:35:43,2.1,50,1062300
20231228,14:35:47,2.1,100,1062300
20231228,14:35:51,2.1,50,1062300
20231228,14:36:12,2.05,1250,1062300
20231228,14:36:16,2.05,5050,1062300
20231228,14:36:20,2.05,550,1062300
20231228,14:36:28,2.05,5450,1062300
20231228,14:36:32,2.05,1200,1092550
20231228,14:36:36,2.05,250,1092550
20231228,14:36:45,2.05,500,1092550
20231228,14:36:49,2.05,2200,1092550
20231228,14:36:53,2.0,1800,1092550
20231228,14:36:57,2.05,500,1092550
20231228,14:37:01,2.05,1800,1092550
20231228,14:37:18,2.05,550,1092550
20231228,14:37:27,2.05,3100,1092550
20231228,14:37:36,2.05,500,1092550
20231228,14:37:40,2.05,1000,1092550
20231228,14:37:44,2.05,3600,1092550
20231228,14:37:48,2.05,1000,1092550
20231228,14:37:57,2.05,2550,1092550
20231228,14:38:04,2.05,1050,1092550
20231228,14:38:22,2.0,14300,1092550
20231228,14:38:27,2.05,750,1092550
20231228,14:38:31,2.05,2850,1092550
20231228,14:38:41,2.0,11800,1092550
20231228,14:38:46,2.0,1500,1092550
20231228,14:38:51,2.0,1600,1092550
20231228,14:38:55,2.0,3500,1092550
20231228,14:38:59,2.0,650,1092550
20231228,14:39:03,2.0,250,1092550
20231228,14:39:07,2.0,400,1092550
20231228,14:39:12,1.95,400,1092550
20231228,14:39:21,2.0,50,1092550
20231228,14:39:29,2.0,3400,1092550
20231228,14:39:33,2.0,1950,1092550
20231228,14:39:41,2.0,550,1111800
20231228,14:39:56,2.0,100,1111800
20231228,14:40:05,2.0,1800,1111800
20231228,14:40:15,2.05,150,1111800
20231228,14:40:32,2.05,50,1111800
20231228,14:40:44,2.05,5800,1111800
20231228,14:40:50,2.0,600,1111800
20231228,14:40:55,2.0,200,1111800
20231228,14:41:08,2.0,1800,1111800
20231228,14:41:14,2.0,350,1111800
20231228,14:41:21,2.0,1800,1111800
20231228,14:41:27,2.05,1800,1111800
20231228,14:41:32,2.05,2350,1111800
20231228,14:41:38,2.1,10950,1111800
20231228,14:41:42,2.15,22350,1111800
20231228,14:41:47,2.2,4150,1111800
20231228,14:41:52,2.2,1950,1111800
20231228,14:41:57,2.2,1300,1111800
20231228,14:42:02,2.2,1100,1111800
20231228,14:42:07,2.2,5050,1111800
20231228,14:42:12,2.2,2550,1111800
20231228,14:42:16,2.2,600,1111800
20231228,14:42:20,2.2,150,1111800
20231228,14:42:24,2.2,750,1111800
20231228,14:42:29,2.2,300,1111800
20231228,14:42:33,2.2,300,1147100
20231228,14:42:38,2.15,200,1147100
20231228,14:42:47,2.2,150,1147100
20231228,14:42:57,2.2,200,1147100
20231228,14:43:02,2.2,50,1147100
20231228,14:43:07,2.15,22550,1147100
20231228,14:43:12,2.25,17450,1147100
20231228,14:43:17,2.25,8750,1147100
20231228,14:43:21,2.25,750,1147100
20231228,14:43:51,2.2,1800,1147100
20231228,14:43:55,2.2,1850,1147100
20231228,14:44:14,2.25,250,1147100
20231228,14:44:33,2.2,9950,1147100
20231228,14:44:38,2.2,2500,1147100
20231228,14:44:42,2.25,550,1147100
20231228,14:44:47,2.2,100,1147100
20231228,14:44:51,2.25,300,1147100
20231228,14:45:00,2.25,1100,1147100
20231228,14:45:04,2.25,900,1147100
20231228,14:45:09,2.25,100,1147100
20231228,14:45:17,2.25,3400,1147100
20231228,14:45:26,2.25,2500,1147100
20231228,14:45:31,2.2,1800,1147100
20231228,14:46:07,2.25,1600,1179000
20231228,14:46:12,2.25,300,1179000
20231228,14:46:16,2.25,500,1179000
20231228,14:46:21,2.2,500,1179000
20231228,14:46:25,2.25,1700,1179000
20231228,14:46:30,2.25,900,1179000
20231228,14:46:34,2.2,1200,1179000
20231228,14:46:43,2.25,2950,1179000
20231228,14:46:48,2.25,2700,1179000
20231228,14:46:53,2.25,2350,1179000
20231228,14:46:58,2.25,100,1179000
20231228,14:47:13,2.25,5100,1179000
20231228,14:47:17,2.2,5400,1179000
20231228,14:47:22,2.25,4100,1179000
20231228,14:47:40,2.2,1050,1179000
20231228,14:47:49,2.25,100,1179000
20231228,14:47:55,2.2,250,1179000
20231228,14:47:59,2.2,1750,1179000
20231228,14:48:10,2.2,1550,1179000
20231228,14:48:15,2.2,1300,1179000
20231228,14:48:20,2.2,1800,1179000
20231228,14:48:27,2.2,6450,1179000
20231228,14:48:33,2.15,10850,1207400
20231228,14:48:40,2.2,11850,1207400
20231228,14:48:47,2.2,14900,1207400
20231228,14:48:55,2.2,36500,1207400
20231228,14:49:03,2.25,31850,1207400
20231228,14:49:11,2.2,7850,1207400
20231228,14:49:19,2.25,9000,1207400
20231228,14:49:26,2.25,3850,1207400
20231228,14:49:32,2.25,4800,1207400
20231228,14:49:39,2.2,1050,1207400
20231228,14:49:44,2.2,2250,1207400
20231228,14:49:50,2.2,10700,1207400
20231228,14:49:57,2.2,250,1207400
20231228,14:50:03,2.15,3500,1207400
20231228,14:50:08,2.2,850,1207400
20231228,14:50:13,2.15,14300,1207400
20231228,14:50:18,2.1,6000,1207400
20231228,14:50:24,2.15,11700,1207400
20231228,14:50:29,2.15,1200,1207400
20231228,14:50:34,2.1,1600,1207400
20231228,14:50:40,2.1,2350,1207400
20231228,14:50:46,2.15,3000,1207400
20231228,14:50:52,2.15,250,1207400
20231228,14:50:57,2.1,3300,1207400
20231228,14:51:03,2.1,8350,1207400
20231228,14:51:14,2.1,3900,1207400
20231228,14:51:19,2.05,4200,1207400
20231228,14:51:25,2.1,3300,1207400
20231228,14:51:30,2.05,2300,1207400
20231228,14:51:35,2.1,2900,1329350
20231228,14:51:45,2.1,2100,1329350
20231228,14:51:50,2.05,2450,1329350
20231228,14:51:54,2.05,600,1329350
20231228,14:51:59,2.05,1600,1329350
20231228,14:52:05,2.0,1050,1329350
20231228,14:52:10,2.05,1700,1329350
20231228,14:52:15,2.05,13250,1329350
20231228,14:52:20,2.05,500,1329350
20231228,14:52:25,2.05,4850,1329350
20231228,14:52:30,2.05,3750,1329350
20231228,14:52:35,2.0,2050,1329350
20231228,14:52:40,2.0,1400,1329350
20231228,14:52:45,1.95,2000,1329350
20231228,14:52:50,1.95,1500,1329350
20231228,14:52:55,2.0,650,1329350
20231228,14:52:59,2.0,3100,1329350
20231228,14:53:04,1.95,4200,1329350
20231228,14:53:09,1.95,1900,1329350
20231228,14:53:23,1.9,50,1329350
20231228,14:53:32,1.9,100,1329350
20231228,14:53:36,1.95,500,1329350
20231228,14:53:41,1.95,3100,1329350
20231228,14:53:46,1.9,2900,1329350
20231228,14:53:52,1.9,1800,1329350
20231228,14:53:58,1.95,50,1329350
20231228,14:54:10,1.95,150,1329350
20231228,14:54:16,1.95,1750,1329350
20231228,14:54:21,1.95,1650,1329350
20231228,14:54:27,1.95,200,1329350
20231228,14:54:32,1.95,1050,1329350
20231228,14:54:38,1.95,150,1336550
20231228,14:54:48,1.95,3600,1336550
20231228,14:54:53,1.95,100,1336550
20231228,14:54:58,1.95,2700,1336550
20231228,14:55:03,1.95,2750,1336550
20231228,14:55:08,1.95,250,1336550
20231228,14:55:13,1.95,2300,1336550
20231228,14:55:19,1.95,2150,1336550
20231228,14:55:37,1.85,12300,1336550
20231228,14:55:42,1.85,4050,1336550
20231228,14:55:47,1.9,50,1336550
20231228,14:55:53,1.9,400,1336550
20231228,14:56:08,1.9,2650,1336550
20231228,14:56:13,1.85,2200,1336550
20231228,14:56:19,1.85,3250,1336550
20231228,14:56:30,1.9,3200,1336550
20231228,14:56:35,1.95,14150,1336550
20231228,14:56:39,1.9,7000,1336550
20231228,14:56:44,1.9,1850,1336550
20231228,14:56:49,1.85,1200,1336550
20231228,14:56:54,1.9,7100,1336550
20231228,14:56:59,1.9,6600,1336550
20231228,14:57:05,1.9,1800,1336550
20231228,14:57:10,1.9,50,1336550
20231228,14:57:15,1.95,100,1336550
20231228,14:57:27,1.85,500,1336550
20231228,14:57:32,1.85,200,1336550
20231228,14:57:38,1.85,750,1375200
20231228,14:57:44,1.85,1950,1375200
20231228,14:57:49,1.85,550,1375200
20231228,14:57:55,1.85,2000,1375200
20231228,14:58:00,1.9,300,1375200
20231228,14:58:05,1.85,250,1375200
20231228,14:58:10,1.85,550,1375200
20231228,14:58:15,1.85,950,1375200
20231228,14:58:20,1.85,150,1375200
20231228,14:58:25,1.9,200,1375200
20231228,14:58:31,1.85,1900,1375200
20231228,14:58:36,1.9,1000,1375200
20231228,14:58:46,1.85,5000,1375200
20231228,14:58:51,1.9,550,1375200
20231228,14:58:56,1.9,4450,1375200
20231228,14:59:01,1.85,50,1375200
20231228,14:59:06,1.85,600,1375200
20231228,14:59:11,1.85,2500,1375200
20231228,14:59:15,1.85,8800,1375200
20231228,14:59:20,1.8,1500,1375200
20231228,14:59:25,1.8,6050,1375200
20231228,14:59:29,1.8,550,1375200
20231228,14:59:35,1.8,1550,1375200
20231228,14:59:44,1.8,6600,1375200
20231228,14:59:49,1.75,500,1375200
20231228,14:59:54,1.75,1700,1375200
20231228,14:59:59,1.75,1050,1375200
20231228,15:00:03,1.8,50,1375200
20231228,15:00:08,1.75,250,1375200
20231228,15:00:14,1.75,1500,1375200
20231228,15:00:20,1.8,700,1375200
20231228,15:00:26,1.8,1550,1375200
20231228,15:00:32,1.8,500,1375200
20231228,15:00:38,1.8,700,1406950
20231228,15:00:44,1.8,3200,1406950
20231228,15:01:08,1.75,650,1406950
20231228,15:01:14,1.8,1350,1406950
20231228,15:01:19,1.8,250,1406950
20231228,15:01:24,1.75,1000,1406950
20231228,15:01:30,1.75,1250,1406950
20231228,15:01:36,1.8,100,1406950
20231228,15:01:41,1.8,6750,1406950
20231228,15:01:46,1.8,3900,1406950
20231228,15:01:53,1.75,1600,1406950
20231228,15:02:00,1.75,1800,1406950
20231228,15:02:07,1.8,150,1406950
20231228,15:02:14,1.85,4300,1406950
20231228,15:02:20,1.8,1550,1406950
20231228,15:02:26,1.8,50,1406950
20231228,15:02:32,1.85,2650,1406950
20231228,15:02:38,1.8,1650,1406950
20231228,15:02:43,1.85,3500,1406950
20231228,15:02:49,1.75,13950,1406950
20231228,15:02:55,1.8,100,1406950
20231228,15:03:00,1.7,7850,1406950
20231228,15:03:06,1.7,8950,1406950
20231228,15:03:11,1.7,1400,1406950
20231228,15:03:16,1.7,1650,1406950
20231228,15:03:21,1.75,100,1406950
20231228,15:03:26,1.75,1900,1406950
20231228,15:03:36,1.7,150,1406950
20231228,15:03:42,1.75,9900,1414900
20231228,15:03:48,1.8,5000,1414900
20231228,15:03:53,1.8,300,1414900
20231228,15:04:04,1.8,1500,1414900
20231228,15:04:10,1.85,6800,1414900
20231228,15:04:15,1.85,14400,1414900
20231228,15:04:31,1.85,1600,1414900
20231228,15:04:36,1.85,7700,1414900
20231228,15:04:41,1.85,8450,1414900
20231228,15:04:47,1.9,3800,1414900
20231228,15:04:52,1.85,1500,1414900
20231228,15:04:57,1.9,50,1414900
20231228,15:05:07,1.9,4050,1414900
20231228,15:05:13,1.9,6600,1414900
20231228,15:05:18,1.9,450,1414900
20231228,15:05:25,1.9,3300,1414900
20231228,15:05:32,1.9,1900,1414900
20231228,15:05:38,1.9,2450,1414900
20231228,15:05:44,2.0,66450,1414900
20231228,15:05:49,2.05,33200,1414900
20231228,15:05:54,2.0,5700,1414900
20231228,15:05:59,2.0,9000,1414900
20231228,15:06:05,2.05,4600,1414900
20231228,15:06:10,2.0,10350,1414900
20231228,15:06:14,1.95,5500,1414900
20231228,15:06:19,2.0,4200,1414900
20231228,15:06:25,2.0,650,1414900
20231228,15:06:30,2.0,400,1414900
20231228,15:06:35,1.95,1050,1414900
20231228,15:06:39,1.95,6650,1550250
20231228,15:06:44,1.95,23900,1550250
20231228,15:06:48,2.05,61100,1550250
20231228,15:06:53,2.0,10400,1550250
20231228,15:06:58,2.05,6300,1550250
20231228,15:07:03,2.0,22250,1550250
20231228,15:07:08,2.05,900,1550250
20231228,15:07:13,2.05,400,1550250
20231228,15:07:16,2.0,1000,1550250
20231228,15:07:18,2.0,1550,1550250
20231228,15:07:20,2.0,1500,1550250
20231228,15:07:21,2.0,1500,1550250
20231228,15:07:23,2.0,2000,1550250
20231228,15:07:25,2.0,6500,1550250
20231228,15:07:26,2.0,50,1550250
20231228,15:07:28,2.05,750,1550250
20231228,15:07:30,2.0,100,1550250
20231228,15:07:31,2.0,500,1550250
20231228,15:07:33,2.0,1500,1550250
20231228,15:07:35,2.05,5000,1550250
20231228,15:07:43,2.0,1000,1550250
20231228,15:07:45,2.0,100,1550250
20231228,15:07:46,2.0,250,1550250
20231228,15:07:48,2.0,1800,1550250
20231228,15:07:50,2.0,1500,1550250
20231228,15:07:51,2.0,550,1550250
20231228,15:07:55,2.0,1500,1550250
20231228,15:07:56,2.0,50,1550250
20231228,15:07:58,1.95,7300,1550250
20231228,15:08:00,2.0,13750,1550250
20231228,15:08:01,2.05,2950,1550250
20231228,15:08:03,2.0,2950,1550250
20231228,15:08:05,2.05,550,1550250
20231228,15:08:06,2.05,6700,1550250
20231228,15:08:08,2.05,200,1550250
20231228,15:08:10,2.05,300,1550250
20231228,15:08:11,2.05,700,1550250
20231228,15:08:18,2.0,300,1550250
20231228,15:08:24,2.0,350,1550250
20231228,15:08:30,2.0,2000,1550250
20231228,15:08:35,2.0,9700,1550250
20231228,15:08:40,2.0,15350,1550250
20231228,15:08:46,1.95,2900,1550250
20231228,15:08:51,2.0,4200,1550250
20231228,15:08:56,2.0,8850,1550250
20231228,15:09:01,2.0,12750,1550250
20231228,15:09:06,2.05,19200,1550250
20231228,15:09:12,2.0,49150,1550250
20231228,15:09:18,2.0,11150,1550250
20231228,15:09:23,2.0,200,1550250
20231228,15:09:29,2.0,1150,1550250
20231228,15:09:34,2.0,2950,1550250
20231228,15:09:39,2.05,2850,1746300
20231228,15:09:45,2.0,2550,1746300
20231228,15:09:50,2.05,2800,1746300
20231228,15:09:57,2.0,2650,1746300
20231228,15:10:04,2.05,6250,1746300
20231228,15:10:11,2.0,6250,1746300
20231228,15:10:16,2.0,950,1746300
20231228,15:10:21,2.05,1200,1746300
20231228,15:10:26,2.0,5950,1746300
20231228,15:10:31,1.95,3600,1746300
20231228,15:10:36,2.0,11650,1746300
20231228,15:10:42,2.0,9200,1746300
20231228,15:10:47,2.0,4700,1746300
20231228,15:10:52,2.0,16200,1746300
20231228,15:10:57,2.0,30850,1746300
20231228,15:11:02,2.05,5300,1746300
20231228,15:11:07,2.05,9050,1746300
20231228,15:11:12,2.05,7050,1746300
20231228,15:11:16,2.05,12350,1746300
20231228,15:11:21,2.05,2300,1746300
20231228,15:11:25,2.0,8700,1746300
20231228,15:11:29,2.05,3550,1746300
20231228,15:11:34,2.05,1150,1746300
20231228,15:11:39,2.05,5550,1746300
20231228,15:11:43,2.05,4550,1746300
20231228,15:11:48,1.95,3750,1746300
20231228,15:11:53,2.0,2800,1746300
20231228,15:11:57,2.0,1350,1746300
20231228,15:12:02,2.0,750,1746300
20231228,15:12:07,1.95,11050,1746300
20231228,15:12:11,2.0,24000,1746300
20231228,15:12:16,2.05,6500,1746300
20231228,15:12:20,2.05,5950,1746300
20231228,15:12:24,2.05,7200,1746300
20231228,15:12:29,2.0,8350,1746300
20231228,15:12:34,2.0,1000,1746300
20231228,15:12:39,2.0,2050,1854100
20231228,15:12:44,2.0,1700,1854100
20231228,15:12:48,2.0,1300,1854100
20231228,15:12:53,2.0,7300,1854100
20231228,15:12:58,2.0,1850,1854100
20231228,15:13:02,2.0,13800,1854100
20231228,15:13:07,1.95,6650,1854100
20231228,15:13:12,2.0,950,1854100
20231228,15:13:17,1.95,25750,1854100
20231228,15:13:21,1.9,2050,1854100
20231228,15:13:27,1.9,18100,1854100
20231228,15:13:32,1.9,4200,1854100
20231228,15:13:37,1.95,2400,1854100
20231228,15:13:43,1.95,400,1854100
20231228,15:13:49,1.95,18450,1854100
20231228,15:13:54,1.85,1950,1854100
20231228,15:13:59,1.95,31700,1854100
20231228,15:14:05,1.9,5600,1854100
20231228,15:14:10,1.9,15000,1854100
20231228,15:14:17,1.85,4200,1854100
20231228,15:14:24,1.85,8200,1854100
20231228,15:14:29,1.8,17200,1854100
20231228,15:14:35,1.8,10200,1854100
20231228,15:14:41,1.85,2800,1854100
20231228,15:14:46,1.85,5600,1854100
20231228,15:14:51,1.85,900,1854100
20231228,15:14:56,1.9,8650,1854100
20231228,15:15:02,1.85,20550,1854100
20231228,15:15:08,1.9,3050,1854100
20231228,15:15:14,1.9,7050,1854100
20231228,15:15:21,1.85,5450,1854100
20231228,15:15:27,1.9,7100,1854100
20231228,15:15:33,1.9,500,1854100
20231228,15:15:39,1.9,4250,1938550
20231228,15:15:45,1.9,900,1938550
20231228,15:15:50,1.85,1650,1938550
20231228,15:15:56,1.85,2500,1938550
20231228,15:16:01,1.85,6400,1938550
20231228,15:16:07,1.8,5000,1938550
20231228,15:16:12,1.8,3600,1938550
20231228,15:16:19,1.8,22200,1938550
20231228,15:16:24,1.8,3600,1938550
20231228,15:16:30,1.8,18100,1938550
20231228,15:16:35,1.85,3300,1938550
20231228,15:16:41,1.8,1400,1938550
20231228,15:16:46,1.8,4250,1938550
20231228,15:16:53,1.8,2250,1938550
20231228,15:17:00,1.8,4950,1938550
20231228,15:17:06,1.75,10150,1938550
20231228,15:17:12,1.75,2000,1938550
20231228,15:17:17,1.75,1250,1938550
20231228,15:17:23,1.75,2000,1938550
20231228,15:17:29,1.75,2750,1938550
20231228,15:17:35,1.75,1400,1938550
20231228,15:17:40,1.75,2000,1938550
20231228,15:17:46,1.75,5000,1938550
20231228,15:17:52,1.8,5450,1938550
20231228,15:17:57,1.75,9750,1938550
20231228,15:18:02,1.75,300,1938550
20231228,15:18:07,1.75,650,1938550
20231228,15:18:13,1.75,10450,1938550
20231228,15:18:18,1.75,10950,1938550
20231228,15:18:24,1.75,13800,1938550
20231228,15:18:30,1.7,1200,1938550
20231228,15:18:38,1.7,32900,1994800
20231228,15:18:45,1.75,16850,1994800
20231228,15:18:52,1.7,21100,1994800
20231228,15:18:58,1.65,17200,1994800
20231228,15:19:05,1.7,84200,1994800
20231228,15:19:12,1.7,78700,1994800
20231228,15:19:20,1.6,26150,1994800
20231228,15:19:26,1.65,35400,1994800
20231228,15:19:32,1.65,25500,1994800
20231228,15:19:37,1.65,18350,1994800
20231228,15:19:43,1.65,35150,1994800
20231228,15:19:49,1.65,26750,1994800
20231228,15:19:54,1.65,16300,1994800
20231228,15:20:00,1.65,19300,1994800
20231228,15:20:08,1.65,16750,1994800
20231228,15:20:15,1.65,12500,1994800
20231228,15:20:23,1.6,75400,1994800
20231228,15:20:31,1.6,52600,1994800
20231228,15:20:36,1.65,12400,1994800
20231228,15:20:41,1.65,34450,1994800
20231228,15:20:46,1.65,31800,1994800
20231228,15:20:51,1.65,13650,1994800
20231228,15:20:56,1.6,11200,1994800
20231228,15:21:01,1.65,14050,1994800
20231228,15:21:07,1.65,26350,1994800
20231228,15:21:12,1.6,9750,1994800
20231228,15:21:16,1.6,10000,1994800
20231228,15:21:17,1.6,3600,1994800
20231228,15:21:19,1.6,7300,1994800
20231228,15:21:21,1.6,4300,1994800
20231228,15:21:22,1.6,4700,1994800
20231228,15:21:24,1.6,5750,1994800
20231228,15:21:26,1.65,4800,1994800
20231228,15:21:27,1.6,4750,1994800
20231228,15:21:29,1.6,11350,1994800
20231228,15:21:30,1.6,8600,1994800
20231228,15:21:32,1.6,5750,1994800
20231228,15:21:34,1.65,6600,1994800
20231228,15:21:35,1.65,6100,1994800
20231228,15:21:37,1.6,5700,2450500
20231228,15:21:39,1.65,6100,2450500
20231228,15:21:40,1.65,5700,2450500
20231228,15:21:42,1.65,6000,2450500
20231228,15:21:44,1.6,4650,2450500
20231228,15:21:45,1.6,3600,2450500
20231228,15:21:47,1.6,15850,2450500
20231228,15:21:48,1.6,7250,2450500
20231228,15:21:50,1.6,10500,2450500
20231228,15:21:52,1.6,8000,2450500
20231228,15:21:53,1.6,3700,2450500
20231228,15:21:55,1.6,10100,2450500
20231228,15:21:57,1.6,10050,2450500
20231228,15:21:58,1.6,7100,2450500
20231228,15:22:00,1.65,9400,2450500
20231228,15:22:02,1.6,8500,2450500
20231228,15:22:03,1.6,7200,2450500
20231228,15:22:05,1.65,11200,2450500
20231228,15:22:06,1.55,26650,2450500
20231228,15:22:08,1.55,10000,2450500
20231228,15:22:10,1.55,12100,2450500
20231228,15:22:11,1.6,9200,2450500
20231228,15:22:13,1.65,11700,2450500
20231228,15:22:19,1.6,22700,2450500
20231228,15:22:27,1.6,23150,2450500
20231228,15:22:33,1.55,18100,2450500
20231228,15:22:39,1.55,14600,2450500
20231228,15:22:46,1.55,61300,2450500
20231228,15:22:53,1.5,89050,2450500
20231228,15:22:59,1.55,66850,2450500
20231228,15:23:05,1.55,92950,2450500
20231228,15:23:12,1.55,75750,2450500
20231228,15:23:16,1.55,20550,2450500
20231228,15:23:18,1.55,10400,2450500
20231228,15:23:19,1.55,9350,2450500
20231228,15:23:21,1.55,11400,2450500
20231228,15:23:23,1.5,5150,2450500
20231228,15:23:24,1.55,4700,2450500
20231228,15:23:26,1.55,2500,2450500
20231228,15:23:28,1.55,8100,2450500
20231228,15:23:29,1.55,50,2450500
20231228,15:23:33,1.55,7950,2450500
20231228,15:23:34,1.6,2250,2450500
20231228,15:23:36,1.55,1000,2450500
20231228,15:23:37,1.55,3000,2450500
20231228,15:23:39,1.55,6250,2450500
20231228,15:23:41,1.6,2000,2450500
20231228,15:23:46,1.6,10800,2450500
20231228,15:23:47,1.6,6600,2450500
20231228,15:23:51,1.65,4650,2450500
20231228,15:23:52,1.65,22300,2450500
20231228,15:23:54,1.65,12850,2450500
20231228,15:23:56,1.65,18000,2450500
20231228,15:23:57,1.65,4600,2450500
20231228,15:23:59,1.65,3250,2450500
20231228,15:24:01,1.6,25550,2450500
20231228,15:24:02,1.65,9800,2450500
20231228,15:24:04,1.6,23000,2450500
20231228,15:24:05,1.6,4800,2450500
20231228,15:24:07,1.6,18050,2450500
20231228,15:24:09,1.6,17000,2450500
20231228,15:24:10,1.6,550,2450500
20231228,15:24:12,1.65,2050,2450500
20231228,15:24:14,1.6,1450,2450500
20231228,15:24:15,1.6,2250,2450500
20231228,15:24:22,1.6,9500,2450500
20231228,15:24:29,1.6,3450,2450500
20231228,15:24:37,1.55,5600,2450500
20231228,15:24:44,1.6,4650,2899450
20231228,15:24:51,1.6,2600,2899450
20231228,15:24:59,1.6,42100,2899450
20231228,15:25:07,1.65,10000,2899450
20231228,15:25:13,1.65,5200,2899450
20231228,15:25:21,1.65,22450,2899450
20231228,15:25:29,1.65,28250,2899450
20231228,15:25:37,1.65,19550,2899450
20231228,15:25:43,1.65,2400,2899450
20231228,15:25:49,1.6,1700,2899450
20231228,15:25:54,1.65,1150,2899450
20231228,15:26:01,1.65,3150,2899450
20231228,15:26:08,1.65,11400,2899450
20231228,15:26:16,1.65,13450,2899450
20231228,15:26:22,1.65,400,2899450
20231228,15:26:27,1.65,900,2899450
20231228,15:26:35,1.65,14250,2899450
20231228,15:26:43,1.65,25800,2899450
20231228,15:26:49,1.6,11400,2899450
20231228,15:26:55,1.6,21300,2899450
20231228,15:27:00,1.6,51100,2899450
20231228,15:27:07,1.65,50050,2899450
20231228,15:27:14,1.65,45300,2899450
20231228,15:27:22,1.7,188150,2899450
20231228,15:27:28,1.8,162200,2899450
20231228,15:27:35,1.75,36850,2899450
20231228,15:27:42,1.8,16200,2793400
20231228,15:27:50,1.75,15750,2793400
20231228,15:27:56,1.7,8600,2793400
20231228,15:28:02,1.75,45900,2793400
20231228,15:28:09,1.7,46400,2793400
20231228,15:28:16,1.8,71450,2793400
20231228,15:28:18,1.8,16800,2793400
20231228,15:28:19,1.8,4600,2793400
20231228,15:28:21,1.8,6100,2793400
20231228,15:28:23,1.85,16100,2793400
20231228,15:28:24,1.85,7700,2793400
20231228,15:28:26,1.8,3600,2793400
20231228,15:28:28,1.8,3600,2793400
20231228,15:28:29,1.85,10000,2793400
20231228,15:28:31,1.8,5850,2793400
20231228,15:28:33,1.85,50,2793400
20231228,15:28:34,1.9,27850,2793400
20231228,15:28:36,1.8,9300,2793400
20231228,15:28:38,1.85,1000,2793400
20231228,15:28:39,1.85,4600,2793400
20231228,15:28:41,1.8,4100,2793400
20231228,15:28:43,1.8,6150,2793400
20231228,15:28:44,1.85,2400,2793400
20231228,15:28:46,1.8,2350,2793400
20231228,15:28:48,1.75,7000,2793400
20231228,15:28:49,1.75,7450,2793400
20231228,15:28:51,1.75,2100,2793400
20231228,15:28:53,1.75,9950,2793400
20231228,15:28:54,1.75,1950,2793400
20231228,15:28:56,1.75,6000,2793400
20231228,15:28:58,1.75,5950,2793400
20231228,15:28:59,1.7,5100,2793400
20231228,15:29:01,1.75,7400,2793400
20231228,15:29:03,1.75,9350,2793400
20231228,15:29:04,1.75,350,2793400
20231228,15:29:06,1.75,3200,2793400
20231228,15:29:09,1.75,2200,2793400
20231228,15:29:11,1.7,6200,2793400
20231228,15:29:13,1.75,4850,2793400
20231228,15:29:14,1.75,17050,2793400
20231228,15:29:22,1.65,24100,2793400
20231228,15:29:28,1.65,15500,2793400
20231228,15:29:33,1.7,15000,2793400
20231228,15:29:38,1.7,8900,2793400
20231228,15:29:44,1.7,7750,2793400
20231228,15:29:49,1.7,13000,2793400
20231228,15:29:55,1.7,16150,2793400
20231228,15:30:01,1.7,10850,2793400
20231229,09:15:00,1.7,1,2879850
20231229,09:15:00,1.6,2700,2879850
20231229,09:15:01,1.7,3500,2879850
20231229,09:15:02,1.65,11300,2879850
20231229,09:15:04,1.7,12500,2879850
20231229,09:15:05,1.65,8500,2879850
20231229,09:15:06,1.75,11700,2879850
20231229,09:15:07,1.8,10800,2879850
20231229,09:15:08,1.8,3350,2879850
20231229,09:15:10,1.8,12300,2879850
20231229,09:15:11,1.85,7350,2879850
20231229,09:15:12,1.85,3250,2879850
20231229,09:15:13,1.8,10400,2879850
20231229,09:15:14,1.85,14700,2879850
20231229,09:15:16,1.9,5550,2879850
20231229,09:15:17,1.9,9850,2879850
20231229,09:15:18,1.85,3450,2879850
20231229,09:15:19,1.8,10350,2879850
20231229,09:15:20,1.85,12150,2879850
20231229,09:15:22,1.8,10350,2879850
20231229,09:15:23,1.8,8000,2879850
20231229,09:15:24,1.8,3500,2879850
20231229,09:15:25,1.8,13750,2879850
20231229,09:15:26,1.8,7850,2879850
20231229,09:15:27,1.75,10150,2879850
20231229,09:15:29,1.75,9650,2879850
20231229,09:15:30,1.85,12400,2879850
20231229,09:15:31,1.85,14750,2879850
20231229,09:15:32,1.8,20250,2879850
20231229,09:15:33,1.8,10750,2879850
20231229,09:15:34,1.8,6300,2879850
20231229,09:15:36,1.8,11000,2879850
20231229,09:15:37,1.8,5400,2879850
20231229,09:15:38,1.8,7200,2879850
20231229,09:15:39,1.8,9750,2879850
20231229,09:15:40,1.85,1850,2879850
20231229,09:15:42,1.8,9400,2879850
20231229,09:15:43,1.75,10450,2879850
20231229,09:15:44,1.8,13650,2879850
20231229,09:15:45,1.75,5450,2879850
20231229,09:15:46,1.8,1850,2879850
20231229,09:15:48,1.75,7700,2879850
20231229,09:15:49,1.75,26500,2879850
20231229,09:15:50,1.7,23150,2879850
20231229,09:15:51,1.75,9800,2879850
20231229,09:15:52,1.7,16000,2879850
20231229,09:15:53,1.75,9300,2879850
20231229,09:15:55,1.75,14300,2879850
20231229,09:15:56,1.75,6200,2879850
20231229,09:15:57,1.75,13700,2879850
20231229,09:15:58,1.65,16350,2879850
20231229,09:15:59,1.65,14350,2879850
20231229,09:16:00,1.7,24500,2879850
20231229,09:16:01,1.65,19950,2879850
20231229,09:16:03,1.65,4500,2879850
20231229,09:16:04,1.65,13350,2879850
20231229,09:16:05,1.65,25200,2879850
20231229,09:16:06,1.7,60350,2879850
20231229,09:16:08,1.7,43900,2879850
20231229,09:16:09,1.65,16900,2879850
20231229,09:16:10,1.65,3700,2879850
20231229,09:16:11,1.65,16100,2879850
20231229,09:16:12,1.65,4250,2879850
20231229,09:16:13,1.65,21900,2879850
20231229,09:16:14,1.65,1850,2879850
20231229,09:16:16,1.65,5300,2879850
20231229,09:16:17,1.7,6550,2879850
20231229,09:16:18,1.65,12650,2879850
20231229,09:16:19,1.7,45200,2879850
20231229,09:16:20,1.7,11700,2879850
20231229,09:16:22,1.65,17400,2879850
20231229,09:16:23,1.7,7000,2879850
20231229,09:16:24,1.65,7800,2879850
20231229,09:16:25,1.7,24650,2879850
20231229,09:16:26,1.75,37050,2879850
20231229,09:16:27,1.7,5400,2879850
20231229,09:16:28,1.7,5900,2879850
20231229,09:16:29,1.7,2200,2879850
20231229,09:16:31,1.65,32250,2879850
20231229,09:16:32,1.65,1950,2879850
20231229,09:16:33,1.7,31450,2879850
20231229,09:16:34,1.7,4000,2879850
20231229,09:16:35,1.7,3750,2879850
20231229,09:16:36,1.75,5600,2879850
20231229,09:16:38,1.7,8350,2879850
20231229,09:16:39,1.75,5100,2879850
20231229,09:16:40,1.7,3750,2879850
20231229,09:16:41,1.75,4050,2879850
20231229,09:16:42,1.75,27700,2879850
20231229,09:16:43,1.7,6050,2879850
20231229,09:16:45,1.75,22600,2879850
20231229,09:16:46,1.75,8000,2879850
20231229,09:16:47,1.75,4650,2879850
20231229,09:16:48,1.75,1800,2879850
20231229,09:16:49,1.75,6900,2879850
20231229,09:16:50,1.75,6900,2879850
20231229,09:16:52,1.8,2350,2879850
20231229,09:16:53,1.8,1100,2879850
20231229,09:16:54,1.8,5400,2879850
20231229,09:16:55,1.75,3150,2879850
20231229,09:16:56,1.75,3000,2879850
20231229,09:16:57,1.75,4800,2879850
20231229,09:16:59,1.75,1800,2879850
20231229,09:17:00,1.8,4450,2879850
20231229,09:17:01,1.75,15750,2879850
20231229,09:17:02,1.75,21200,2879850
20231229,09:17:03,1.75,5450,2879850
20231229,09:17:04,1.75,5500,2879850
20231229,09:17:05,1.75,7300,2879850
20231229,09:17:06,1.8,5400,2879850
20231229,09:17:08,1.8,1500,2887600
20231229,09:17:09,1.8,3800,2887600
20231229,09:17:10,1.8,31350,2887600
20231229,09:17:11,1.8,25000,2887600
20231229,09:17:12,1.8,13250,2887600
20231229,09:17:13,1.8,18450,2887600
20231229,09:17:14,1.8,15950,2887600
20231229,09:17:15,1.8,17600,2887600
20231229,09:17:16,1.8,12650,2887600
20231229,09:17:18,1.85,4650,2887600
20231229,09:17:19,1.85,36700,2887600
20231229,09:17:20,1.85,3200,2887600
20231229,09:17:21,1.85,3300,2887600
20231229,09:17:22,1.85,6800,2887600
20231229,09:17:23,1.85,3900,2887600
20231229,09:17:24,1.85,3000,2887600
20231229,09:17:25,1.85,3650,2887600
20231229,09:17:26,1.85,2500,2887600
20231229,09:17:28,1.85,1050,2887600
20231229,09:17:29,1.85,900,2887600
20231229,09:17:30,1.85,2150,2887600
20231229,09:17:31,1.8,2550,2887600
20231229,09:17:32,1.85,600,2887600
20231229,09:17:33,1.85,1800,2887600
20231229,09:17:34,1.8,2250,2887600
20231229,09:17:36,1.8,4750,2887600
20231229,09:17:37,1.85,13600,2887600
20231229,09:17:38,1.85,30450,2887600
20231229,09:17:39,1.85,17100,2887600
20231229,09:17:40,1.85,8000,2887600
20231229,09:17:41,1.8,14900,2887600
20231229,09:17:42,1.85,1600,2887600
20231229,09:17:43,1.85,200,2887600
20231229,09:17:44,1.9,25800,2887600
20231229,09:17:45,1.9,20500,2887600
20231229,09:17:46,1.9,15600,2887600
20231229,09:17:47,1.9,20200,2887600
20231229,09:17:49,1.8,17300,2887600
20231229,09:17:50,1.85,8900,2887600
20231229,09:17:51,1.85,8800,2887600
20231229,09:17:52,1.85,24800,2887600
20231229,09:17:53,1.85,18750,2887600
20231229,09:17:55,1.85,30250,2887600
20231229,09:17:56,1.85,63200,2887600
20231229,09:17:58,1.85,30900,2887600
20231229,09:17:59,1.85,40300,2887600
20231229,09:18:00,1.85,14600,2887600
20231229,09:18:02,1.85,10600,2887600
20231229,09:18:03,1.85,4950,2887600
20231229,09:18:04,1.85,7900,2887600
20231229,09:18:07,1.85,4100,2887600
20231229,09:18:08,1.9,6250,2887600
20231229,09:18:10,1.9,7250,2887600
20231229,09:18:11,1.9,48250,2887600
20231229,09:18:12,1.85,29000,2887600
20231229,09:18:14,1.85,250,2887600
20231229,09:18:15,1.85,750,2887600
20231229,09:18:16,1.8,450,2887600
20231229,09:18:18,1.85,4600,2887600
20231229,09:18:19,1.85,1700,2887600
20231229,09:18:21,1.85,6950,2887600
20231229,09:18:22,1.85,4000,2887600
20231229,09:18:23,1.85,3500,2887600
20231229,09:18:24,1.85,3500,2887600
20231229,09:18:26,1.85,13400,2887600
20231229,09:18:27,1.85,6300,2887600
20231229,09:18:28,1.85,2750,2887600
20231229,09:18:29,1.85,4400,2887600
20231229,09:18:31,1.85,3700,2887600
20231229,09:18:32,1.85,3800,2887600
20231229,09:18:33,1.85,8000,2887600
20231229,09:18:35,1.8,4250,2887600
20231229,09:18:36,1.8,14550,2887600
20231229,09:18:37,1.85,2000,2887600
20231229,09:18:39,1.85,200,2887600
20231229,09:18:40,1.85,450,2887600
20231229,09:18:41,1.85,2950,2887600
20231229,09:18:42,1.85,5700,2887600
20231229,09:18:44,1.85,3150,2887600
20231229,09:18:45,1.85,6750,2887600
20231229,09:18:46,1.8,15300,2887600
20231229,09:18:48,1.8,6550,2887600
20231229,09:18:49,1.85,3000,2887600
20231229,09:18:50,1.85,2900,2887600
20231229,09:18:52,1.85,200,2887600
20231229,09:18:53,1.85,1800,2887600
20231229,09:18:54,1.8,4950,2887600
20231229,09:18:55,1.85,4400,2887600
20231229,09:18:57,1.85,1050,2887600
20231229,09:18:58,1.8,4850,2887600
20231229,09:18:59,1.8,3150,2887600
20231229,09:19:00,1.8,5950,2887600
20231229,09:19:02,1.8,11500,2887600
20231229,09:19:03,1.8,6700,2887600
20231229,09:19:04,1.8,6450,2887600
20231229,09:19:05,1.85,3900,2887600
20231229,09:19:07,1.8,25200,2887600
20231229,09:19:08,1.85,3600,2887600
20231229,09:19:09,1.85,8500,2887600
20231229,09:19:10,1.85,1800,2887600
20231229,09:19:11,1.8,7900,2887600
20231229,09:19:12,1.8,13400,2887600
20231229,09:19:14,1.8,14150,2887600
20231229,09:19:15,1.8,13100,2887600
20231229,09:19:16,1.85,150,2887600
20231229,09:19:18,1.85,800,2887600
20231229,09:19:19,1.8,5300,2887600
20231229,09:19:20,1.85,4400,2887600
20231229,09:19:21,1.8,4550,2887600
20231229,09:19:23,1.8,12500,2887600
20231229,09:19:24,1.75,50,2887600
20231229,09:19:25,1.75,400,2887600
20231229,09:19:28,1.8,950,2887600
20231229,09:19:29,1.8,550,2887600
20231229,09:19:30,1.8,2300,2887600
20231229,09:19:31,1.8,2150,2887600
20231229,09:19:33,1.75,950,2887600
20231229,09:19:34,1.75,500,2887600
20231229,09:19:35,1.75,2150,2887600
20231229,09:19:37,1.8,8200,2887600
20231229,09:19:38,1.8,2150,2887600
20231229,09:19:39,1.75,6950,2887600
20231229,09:19:41,1.75,2700,2887600
20231229,09:19:42,1.8,5300,2887600
20231229,09:19:43,1.8,1850,2887600
20231229,09:19:44,1.8,7550,2887600
20231229,09:19:46,1.8,5600,2887600
20231229,09:19:47,1.8,4550,2887600
20231229,09:19:49,1.75,19400,2887600
20231229,09:19:50,1.75,4800,2887600
20231229,09:19:51,1.75,2700,2887600
20231229,09:19:53,1.75,4400,2887600
20231229,09:19:54,1.75,400,2887600
20231229,09:19:56,1.75,5650,2887600
20231229,09:19:57,1.75,350,2887600
20231229,09:19:58,1.7,2400,2887600
20231229,09:20:00,1.75,4350,2887600
20231229,09:20:01,1.75,4550,2887600
20231229,09:20:02,1.7,18850,2887600
20231229,09:20:03,1.7,12100,2887600
20231229,09:20:05,1.75,3150,2887600
20231229,09:20:06,1.7,3000,2887600
20231229,09:20:07,1.75,1500,2943850
20231229,09:20:09,1.7,20000,2943850
20231229,09:20:10,1.7,12100,2943850
20231229,09:20:11,1.7,30650,2943850
20231229,09:20:12,1.65,2150,2943850
20231229,09:20:14,1.7,3700,2943850
20231229,09:20:15,1.7,950,2943850
20231229,09:20:18,1.7,2750,2943850
20231229,09:20:19,1.7,2100,2943850
20231229,09:20:20,1.7,150,2943850
20231229,09:20:22,1.7,3350,2943850
20231229,09:20:23,1.7,2050,2943850
20231229,09:20:24,1.7,6050,2943850
20231229,09:20:26,1.7,15750,2943850
20231229,09:20:27,1.7,18050,2943850
20231229,09:20:29,1.65,9650,2943850
20231229,09:20:30,1.7,2300,2943850
20231229,09:20:32,1.7,2500,2943850
20231229,09:20:33,1.7,1800,2943850
20231229,09:20:34,1.7,1000,2943850
20231229,09:20:35,1.7,800,2943850
20231229,09:20:37,1.75,25850,2943850
20231229,09:20:38,1.75,800,2943850
20231229,09:20:39,1.7,1550,2943850
20231229,09:20:40,1.7,400,2943850
20231229,09:20:42,1.75,1500,2943850
20231229,09:20:43,1.75,450,2943850
20231229,09:20:44,1.75,4100,2943850
20231229,09:20:46,1.75,4800,2943850
20231229,09:20:47,1.75,2250,2943850
20231229,09:20:48,1.75,50,2943850
20231229,09:20:50,1.7,1650,2943850
20231229,09:20:51,1.7,1950,2943850
20231229,09:20:52,1.75,1200,2943850
20231229,09:20:53,1.7,2000,2943850
20231229,09:20:54,1.7,1500,2943850
20231229,09:20:56,1.7,1200,2943850
20231229,09:20:57,1.7,1000,2943850
20231229,09:20:58,1.75,3450,2943850
20231229,09:20:59,1.75,4950,2943850
20231229,09:21:01,1.7,4750,2943850
20231229,09:21:02,1.7,6350,2943850
20231229,09:21:03,1.65,78600,2943850
20231229,09:21:05,1.65,4650,2943850
20231229,09:21:06,1.65,1050,2943850
20231229,09:21:07,1.65,100,2943850
20231229,09:21:10,1.7,1250,2943850
20231229,09:21:11,1.7,1000,2943850
20231229,09:21:12,1.7,1500,2943850
20231229,09:21:13,1.7,100,2943850
20231229,09:21:15,1.7,550,2943850
20231229,09:21:16,1.7,200,2943850
20231229,09:21:17,1.7,1850,2943850
20231229,09:21:20,1.7,3650,2943850
20231229,09:21:21,1.65,3100,2943850
20231229,09:21:22,1.7,2550,2943850
20231229,09:21:23,1.7,4150,2943850
20231229,09:21:25,1.7,1850,2943850
20231229,09:21:26,1.7,2050,2943850
20231229,09:21:27,1.7,3650,2943850
20231229,09:21:28,1.7,1300,2943850
20231229,09:21:29,1.7,3400,2943850
20231229,09:21:31,1.7,1100,2943850
20231229,09:21:32,1.7,700,2943850
20231229,09:21:33,1.7,1000,2943850
20231229,09:21:35,1.7,3850,2943850
20231229,09:21:36,1.7,500,2943850
20231229,09:21:37,1.7,850,2943850
20231229,09:21:40,1.7,750,2943850
20231229,09:21:41,1.65,53700,2943850
20231229,09:21:43,1.65,10700,2943850
20231229,09:21:44,1.65,39150,2943850
20231229,09:21:45,1.65,450,2943850
20231229,09:21:46,1.65,7450,2943850
20231229,09:21:48,1.65,2500,2943850
20231229,09:21:49,1.65,100,2943850
20231229,09:21:51,1.65,150,2943850
20231229,09:21:52,1.65,50,2943850
20231229,09:21:53,1.65,5000,2943850
20231229,09:21:54,1.65,100,2943850
20231229,09:21:55,1.65,2350,2943850
20231229,09:21:57,1.65,150,2943850
20231229,09:21:58,1.65,200,2943850
20231229,09:22:00,1.6,2000,2943850
20231229,09:22:01,1.65,250,2943850
20231229,09:22:01,1.6,1500,2943850
20231229,09:22:02,1.65,1100,2943850
20231229,09:22:04,1.65,1350,2943850
20231229,09:22:05,1.65,2000,2943850
20231229,09:22:05,1.65,500,2943850
20231229,09:22:07,1.6,2400,2943850
20231229,09:22:08,1.6,950,2943850
20231229,09:22:09,1.6,1450,2943850
20231229,09:22:10,1.6,800,2943850
20231229,09:22:11,1.65,650,2943850
20231229,09:22:12,1.65,650,2943850
20231229,09:22:13,1.65,600,2943850
20231229,09:22:14,1.6,2950,2943850
20231229,09:22:15,1.65,5600,2943850
20231229,09:22:16,1.6,500,2943850
20231229,09:22:17,1.65,450,2943850
20231229,09:22:18,1.65,1700,2943850
20231229,09:22:19,1.65,3300,2943850
20231229,09:22:20,1.6,3300,2943850
20231229,09:22:21,1.6,4100,2943850
20231229,09:22:23,1.6,12000,2943850
20231229,09:22:23,1.6,3900,2943850
20231229,09:22:26,1.6,2300,2943850
20231229,09:22:26,1.65,50,2943850
20231229,09:22:27,1.65,200,2943850
20231229,09:22:29,1.6,3000,2943850
20231229,09:22:30,1.6,3950,2943850
20231229,09:22:31,1.65,2050,2943850
20231229,09:22:32,1.6,4050,2943850
20231229,09:22:34,1.65,6550,2943850
20231229,09:22:34,1.65,8950,2943850
20231229,09:22:35,1.6,7450,2943850
20231229,09:22:37,1.65,2000,2943850
20231229,09:22:37,1.65,1200,2943850
20231229,09:22:38,1.65,50,2943850
20231229,09:22:39,1.65,250,2943850
20231229,09:22:40,1.65,250,2943850
20231229,09:22:41,1.65,150,2943850
20231229,09:22:43,1.65,50,2943850
20231229,09:22:45,1.6,2600,2943850
20231229,09:22:46,1.65,1250,2943850
20231229,09:22:47,1.65,550,2943850
20231229,09:22:48,1.6,1000,2943850
20231229,09:22:50,1.65,50,2943850
20231229,09:22:51,1.65,1850,2943850
20231229,09:22:52,1.6,950,2943850
20231229,09:22:55,1.6,1250,2943850
20231229,09:22:56,1.6,2900,2943850
20231229,09:22:57,1.65,200,2943850
20231229,09:22:58,1.6,1000,2943850
20231229,09:22:59,1.65,50,2943850
20231229,09:23:01,1.6,1400,2943850
20231229,09:23:02,1.65,3850,2943850
20231229,09:23:03,1.65,250,2943850
20231229,09:23:05,1.65,1900,2943850
20231229,09:23:06,1.65,350,2943850
20231229,09:23:07,1.65,2900,3037350
20231229,09:23:08,1.6,1000,3037350
20231229,09:23:09,1.6,4400,3037350
20231229,09:23:11,1.65,2100,3037350
20231229,09:23:12,1.6,7200,3037350
20231229,09:23:13,1.6,1450,3037350
20231229,09:23:14,1.6,2050,3037350
20231229,09:23:15,1.6,1000,3037350
20231229,09:23:20,1.65,1600,3037350
20231229,09:23:21,1.6,200,3037350
20231229,09:23:25,1.65,2850,3037350
20231229,09:23:26,1.65,50,3037350
20231229,09:23:28,1.65,50,3037350
20231229,09:23:29,1.6,50,3037350
20231229,09:23:30,1.65,350,3037350
20231229,09:23:35,1.65,50,3037350
20231229,09:23:37,1.65,1800,3037350
20231229,09:23:38,1.65,1050,3037350
20231229,09:23:39,1.65,50,3037350
20231229,09:23:40,1.65,1200,3037350
20231229,09:23:42,1.65,3300,3037350
20231229,09:23:43,1.65,1200,3037350
20231229,09:23:44,1.65,50,3037350
20231229,09:23:46,1.65,700,3037350
20231229,09:23:47,1.6,7800,3037350
20231229,09:23:51,1.65,1050,3037350
20231229,09:23:52,1.6,2100,3037350
20231229,09:23:55,1.65,1950,3037350
20231229,09:23:56,1.6,3350,3037350
20231229,09:23:57,1.65,50,3037350
20231229,09:23:58,1.65,50,3037350
20231229,09:24:00,1.65,150,3037350
20231229,09:24:01,1.65,1200,3037350
20231229,09:24:02,1.65,1100,3037350
20231229,09:24:04,1.65,850,3037350
20231229,09:24:05,1.65,1600,3037350
20231229,09:24:06,1.65,550,3037350
20231229,09:24:08,1.6,4350,3037350
20231229,09:24:09,1.65,150,3037350
20231229,09:24:10,1.6,1650,3037350
20231229,09:24:12,1.65,3300,3037350
20231229,09:24:13,1.65,150,3037350
20231229,09:24:14,1.65,50,3037350
20231229,09:24:15,1.6,500,3037350
20231229,09:24:17,1.65,50,3037350
20231229,09:24:18,1.65,300,3037350
20231229,09:24:19,1.65,350,3037350
20231229,09:24:20,1.65,400,3037350
20231229,09:24:21,1.65,500,3037350
20231229,09:24:23,1.65,250,3037350
20231229,09:24:24,1.65,800,3037350
20231229,09:24:25,1.65,250,3037350
20231229,09:24:26,1.65,600,3037350
20231229,09:24:28,1.65,850,3037350
20231229,09:24:29,1.65,1750,3037350
20231229,09:24:30,1.65,500,3037350
20231229,09:24:32,1.6,250,3037350
20231229,09:24:33,1.6,750,3037350
20231229,09:24:34,1.6,2000,3037350
20231229,09:24:35,1.65,150,3037350
20231229,09:24:37,1.6,3350,3037350
20231229,09:24:38,1.65,1450,3037350
20231229,09:24:41,1.65,300,3037350
20231229,09:24:42,1.65,800,3037350
20231229,09:24:45,1.6,100,3037350
20231229,09:24:46,1.65,600,3037350
20231229,09:24:47,1.65,950,3037350
20231229,09:24:49,1.65,1600,3037350
20231229,09:24:50,1.65,2250,3037350
20231229,09:24:51,1.6,1000,3037350
20231229,09:24:52,1.65,1800,3037350
20231229,09:24:53,1.65,9500,3037350
20231229,09:24:54,1.6,1200,3037350
20231229,09:24:55,1.65,1300,3037350
20231229,09:24:56,1.6,7150,3037350
20231229,09:24:57,1.6,2850,3037350
20231229,09:24:58,1.6,3800,3037350
20231229,09:25:00,1.6,1750,3037350
20231229,09:25:01,1.6,28200,3037350
20231229,09:25:02,1.65,24650,3037350
20231229,09:25:03,1.55,28600,3037350
20231229,09:25:04,1.6,50,3037350
20231229,09:25:05,1.6,550,3037350
20231229,09:25:06,1.6,11200,3037350
20231229,09:25:07,1.55,600,3037350
20231229,09:25:08,1.55,1800,3037350
20231229,09:25:09,1.55,1750,3037350
20231229,09:25:10,1.6,550,3037350
20231229,09:25:11,1.55,3800,3037350
20231229,09:25:12,1.6,2050,3037350
20231229,09:25:13,1.55,2000,3037350
