date,time,tick_price,volume,open_interest
20240202,13:15:21,2.05,450,950
20240202,13:15:29,2.05,100,950
20240202,13:15:39,2.4,400,950
20240202,13:15:48,2.4,250,950
20240202,13:15:58,2.4,50,950
20240202,13:16:16,2.15,50,950
20240202,13:18:18,2.4,150,950
20240202,13:18:45,2.15,100,950
20240202,13:18:54,2.35,350,950
20240202,13:19:12,2.35,50,950
20240202,13:19:22,2.3,50,950
20240202,13:19:48,2.35,50,950
20240202,13:22:36,2.6,50,1550
20240202,13:37:43,3.0,750,1600
20240202,13:37:51,3.0,2100,1600
20240202,13:38:00,2.95,2150,1600
20240202,13:38:26,2.9,300,1600
20240202,13:38:35,2.9,2400,1600
20240202,13:38:45,2.9,650,1600
20240202,13:39:30,2.85,350,9600
20240202,13:40:44,2.8,1300,9600
20240202,13:41:08,2.75,2800,9600
20240202,13:41:16,2.8,150,9600
20240202,13:41:32,2.8,100,9600
20240202,13:41:56,2.75,100,12300
20240202,13:42:28,2.75,100,12300
20240202,13:42:52,2.8,50,12300
20240202,13:43:00,2.8,300,12300
20240202,14:11:02,2.8,900,12750
20240202,14:11:10,2.8,50,12750
20240202,14:11:18,2.8,100,12750
20240202,14:11:27,2.85,50,12750
20240202,14:12:24,2.85,100,13800
20240202,14:12:31,2.85,50,13800
20240202,14:13:10,2.85,50,13800
20240202,14:13:17,2.9,50,13800
20240202,14:15:41,2.9,50,13800
20240202,15:08:58,2.4,250,13800
20240202,15:09:52,2.2,100,13800
20240202,15:12:57,2.2,100,13900
20240202,15:13:50,2.3,1800,13900
20240202,15:15:38,2.4,100,13950
20240202,15:17:43,2.4,100,13950
20240202,15:22:18,2.85,100,13950
20240202,15:22:35,2.4,100,13950
20240202,15:25:53,2.8,50,13900
20240202,15:26:02,2.9,500,13900
20240202,15:26:19,2.8,50,13900
20240205,09:16:42,2.9,1,14400
20240205,09:16:42,2.95,1,14400
20240205,09:16:42,2.9,150,14400
20240205,09:18:02,2.9,150,14400
20240205,09:18:25,3.6,400,14400
20240205,09:18:33,3.0,150,14400
20240205,09:18:42,2.9,50,14400
20240205,09:18:50,3.0,50,14400
20240205,09:18:58,2.9,50,14400
20240205,09:19:15,2.9,100,14750
20240205,09:19:32,2.9,50,14750
20240205,09:19:40,2.9,50,14750
20240205,09:19:47,3.0,50,14750
20240205,09:19:55,2.9,50,14750
20240205,09:20:02,2.9,50,14750
20240205,09:21:23,2.9,100,14750
20240205,09:23:50,2.75,100,14800
20240205,09:24:19,2.75,100,14800
20240205,09:24:42,3.0,250,14800
20240205,09:24:49,2.9,50,14800
20240205,09:26:50,2.7,50,15200
20240205,09:28:29,2.7,50,15200
20240205,09:35:04,2.7,500,15150
20240205,09:36:20,2.7,50,15150
20240205,09:40:07,2.75,50,15200
20240205,09:41:33,2.75,100,15200
20240205,09:42:18,2.65,100,15200
20240205,09:54:08,2.65,200,15200
20240205,09:54:22,2.7,1200,15200
20240205,09:54:36,2.65,100,15200
20240205,09:55:04,2.65,50,15200
20240205,09:57:45,2.65,50,15300
20240205,09:59:59,2.6,150,15350
20240205,10:00:18,2.6,50,15350
20240205,10:03:34,2.55,300,15250
20240205,10:06:38,2.55,250,15450
20240205,10:07:14,2.65,250,15450
20240205,10:10:07,2.6,100,15700
20240205,10:10:17,2.65,100,15700
20240205,10:12:36,2.6,450,15800
20240205,10:15:41,2.65,50,16250
20240205,10:17:18,2.65,50,16250
20240205,10:17:28,2.6,100,16250
20240205,10:17:59,2.65,100,16250
20240205,10:18:20,2.65,50,16250
20240205,10:18:30,2.6,100,16250
20240205,10:18:41,2.6,100,16250
20240205,10:19:12,2.65,450,16250
20240205,10:19:32,2.65,100,16300
20240205,10:19:42,2.65,250,16300
20240205,10:20:42,2.55,100,16300
20240205,10:20:52,2.55,50,16300
20240205,10:21:31,2.55,50,16300
20240205,10:22:19,2.55,50,16300
20240205,10:22:37,2.55,50,16300
20240205,10:22:46,2.6,50,16300
20240205,10:24:46,2.55,50,16300
20240205,10:24:56,2.55,50,16300
20240205,10:27:42,2.65,200,16300
20240205,10:31:18,2.7,50,16500
20240205,10:32:00,2.7,200,16500
20240205,10:32:51,2.7,50,16500
20240205,10:38:35,2.7,50,16500
20240205,10:39:16,2.8,100,16500
20240205,10:40:36,2.65,50,16650
20240205,10:41:45,2.5,100,16650
20240205,10:43:16,2.5,200,16650
20240205,10:43:57,2.65,150,16550
20240205,10:44:05,2.65,50,16550
20240205,10:44:36,2.65,50,16550
20240205,10:46:46,2.65,100,16600
20240205,10:47:28,2.65,50,16600
20240205,10:47:36,2.65,50,16600
20240205,10:48:22,2.65,50,16600
20240205,10:48:50,2.65,50,16600
20240205,10:55:49,2.75,50,16600
20240205,11:09:54,2.8,650,16650
20240205,11:10:01,2.8,500,16650
20240205,11:22:53,2.7,50,17750
20240205,11:24:38,2.7,100,17750
20240205,11:28:05,2.55,50,17800
20240205,11:34:03,2.55,300,17750
20240205,11:34:49,2.7,100,17750
20240205,11:36:24,2.55,100,17750
20240205,11:36:34,2.65,50,17750
20240205,11:36:39,2.6,100,17750
20240205,11:36:54,2.65,50,17750
20240205,11:37:05,2.6,300,17750
20240205,11:37:14,2.65,50,17750
20240205,11:37:28,2.7,450,17750
20240205,11:44:21,2.6,1000,18150
20240205,11:46:39,2.45,1000,18150
20240205,11:52:56,2.6,50,17550
20240205,11:55:19,2.6,50,17550
20240205,11:57:38,2.5,350,17550
20240205,12:00:15,2.45,50,17400
20240205,12:01:03,2.6,200,17400
20240205,12:01:08,2.6,150,17400
20240205,12:01:13,2.6,50,17400
20240205,12:01:20,2.6,100,17400
20240205,12:03:29,2.65,50,17400
20240205,12:14:33,2.5,50,17450
20240205,12:15:41,2.5,50,17450
20240205,12:15:46,2.5,50,17450
20240205,12:17:51,2.5,150,17500
20240205,12:18:54,2.45,50,17500
20240205,12:19:26,2.45,50,17500
20240205,12:19:45,2.55,600,17750
20240205,12:19:52,2.55,50,17750
20240205,12:20:51,2.5,200,17750
20240205,12:20:58,2.55,350,17750
20240205,12:21:06,2.55,50,17750
20240205,12:34:18,2.55,250,18800
20240205,12:34:23,2.55,250,18800
20240205,12:34:32,2.5,50,18800
20240205,12:34:56,2.6,1000,19200
20240205,12:35:30,2.55,50,19200
20240205,12:35:39,2.55,50,19200
20240205,12:35:54,2.55,500,19200
20240205,12:35:58,2.55,150,19200
20240205,12:36:02,2.55,200,19200
20240205,12:36:07,2.55,200,19200
20240205,12:38:33,2.55,50,21300
20240205,12:38:37,2.55,50,21300
20240205,12:44:05,2.55,50,21400
20240205,12:44:22,2.55,50,21400
20240205,12:44:52,2.55,600,21400
20240205,12:45:23,2.3,1050,21400
20240205,12:45:51,2.55,50,21400
20240205,12:46:00,2.55,50,21400
20240205,12:46:49,2.55,50,21200
20240205,12:47:04,2.55,50,21200
20240205,12:47:32,2.55,350,21200
20240205,12:48:00,2.55,50,21200
20240205,12:48:21,2.55,200,21200
20240205,12:48:53,2.55,50,21200
20240205,12:49:15,2.55,400,21200
20240205,12:49:20,2.55,300,21200
20240205,12:49:24,2.55,250,21200
20240205,12:49:29,2.55,50,21200
20240205,12:50:21,2.55,50,22550
20240205,13:01:25,2.5,50,22600
20240205,13:02:32,2.5,50,22600
20240205,13:03:24,2.5,50,22600
20240205,13:05:14,2.5,50,22650
20240205,13:07:31,2.5,500,22650
20240205,13:07:41,2.5,50,22650
20240205,13:07:51,2.5,50,22650
20240205,13:07:59,2.5,100,23150
20240205,13:08:14,2.5,50,23150
20240205,13:09:07,2.5,100,23150
20240205,13:11:19,2.5,200,23400
20240205,13:13:41,2.5,50,23400
20240205,13:13:54,2.5,500,23600
20240205,13:14:21,2.55,100,23600
20240205,13:14:28,2.5,1000,23600
20240205,13:14:50,2.55,50,23600
20240205,13:17:26,2.5,100,25250
20240205,13:17:35,2.5,450,25250
20240205,13:17:39,2.5,50,25250
20240205,13:17:43,2.5,200,25250
20240205,13:17:47,2.5,200,25250
20240205,13:17:53,2.5,200,25250
20240205,13:26:00,2.55,50,25500
20240205,13:26:31,2.55,50,25500
20240205,13:27:51,2.55,500,25500
20240205,13:30:26,2.55,250,25500
20240205,13:33:01,2.55,200,26300
20240205,13:34:30,2.55,50,26300
20240205,13:34:53,2.5,2400,26500
20240205,13:38:55,2.5,100,26500
20240205,13:39:04,2.4,2050,27500
20240205,13:39:10,2.45,50,27500
20240205,13:59:02,2.5,50,25800
20240205,13:59:35,2.55,50,25800
20240205,13:59:59,2.55,50,25800
20240205,14:08:16,2.6,50,25950
20240205,14:08:49,2.6,100,25950
20240205,14:09:35,2.6,50,25950
20240205,14:10:01,2.6,50,25950
20240205,14:10:26,2.6,50,25950
20240205,14:10:46,2.55,200,25950
20240205,14:10:54,2.5,1100,26100
20240205,14:11:02,2.5,550,26100
20240205,14:11:09,2.5,450,26100
20240205,14:12:32,2.6,200,26100
20240205,14:12:38,2.6,50,26100
20240205,14:12:45,2.6,50,26100
20240205,14:14:39,2.55,100,27000
20240205,14:15:01,2.45,200,27000
20240205,14:17:01,2.5,50,27100
20240205,14:17:24,2.5,50,27100
20240205,14:17:49,2.5,50,27100
20240205,14:18:42,2.55,50,27100
20240205,14:20:18,2.55,50,27250
20240205,14:21:43,2.55,50,27250
20240205,14:23:27,2.6,50,27300
20240205,14:24:25,2.6,50,27300
20240205,14:24:46,2.6,50,27300
20240205,14:25:10,2.6,50,27300
20240205,14:25:24,2.6,50,27300
20240205,14:26:15,2.6,50,27350
20240205,14:26:21,2.6,100,27350
20240205,14:26:28,2.6,50,27350
20240205,14:27:35,2.65,50,27350
20240205,14:27:42,2.65,1000,27350
20240205,14:28:09,2.65,700,27350
20240205,14:28:28,2.55,100,27350
20240205,14:32:24,2.7,200,27250
20240205,14:33:43,2.7,100,27250
20240205,14:33:50,2.65,50,27250
20240205,14:35:16,2.65,50,27300
20240205,14:35:50,2.65,100,27300
20240205,14:35:59,2.65,100,27300
20240205,14:36:08,2.7,50,27300
20240205,14:36:56,2.7,100,27300
20240205,14:38:01,2.75,50,27350
20240205,14:38:11,2.7,300,27350
20240205,14:38:28,2.7,50,27350
20240205,14:39:06,2.65,150,27350
20240205,14:39:25,2.8,250,27350
20240205,14:40:18,2.75,300,27350
20240205,14:41:19,2.65,100,28000
20240205,14:41:28,2.65,200,28000
20240205,14:42:23,2.6,400,28000
20240205,14:45:10,2.7,50,28200
20240205,14:45:21,2.7,50,28200
20240205,14:46:17,2.7,50,28200
20240205,14:48:10,2.6,100,28200
20240205,14:48:21,2.6,50,28200
20240205,14:48:50,2.55,500,28200
20240205,14:49:41,2.7,50,28200
20240205,14:50:51,2.7,100,28850
20240205,14:51:29,2.65,50,28850
20240205,15:01:27,2.6,250,28850
20240205,15:02:12,2.6,50,29000
20240205,15:06:31,2.55,50,29000
20240205,15:08:08,2.6,650,29050
20240205,15:08:54,2.45,100,29050
20240205,15:09:13,2.45,50,29050
20240205,15:10:04,2.45,200,29050
20240205,15:11:31,2.45,350,29850
20240205,15:12:09,2.45,1050,29850
20240205,15:13:09,2.5,50,29850
20240205,15:13:37,2.5,50,29850
20240205,15:13:47,2.5,50,29850
20240205,15:14:05,2.5,100,29850
20240205,15:14:50,2.5,700,30150
20240205,15:15:39,2.5,50,30150
20240205,15:16:08,2.5,150,30150
20240205,15:19:26,2.55,50,30350
20240205,15:20:01,2.6,50,30350
20240205,15:27:00,2.45,50,30300
20240205,15:27:17,2.4,450,30300
20240205,15:28:19,2.4,150,30300
20240205,15:28:28,2.5,50,30300
20240205,15:28:46,2.55,50,30300
20240205,15:29:13,2.65,250,30300
20240206,09:15:21,2.7,1,30300
20240206,09:15:21,2.7,100,30300
20240206,09:16:56,2.7,50,30300
20240206,09:17:48,2.7,50,30350
20240206,09:18:07,2.65,50,30350
20240206,09:18:17,2.65,100,30350
20240206,09:18:37,2.65,200,30350
20240206,09:18:47,2.6,50,30350
20240206,09:19:05,2.6,50,30350
20240206,09:19:14,2.6,50,30350
20240206,09:19:24,2.6,50,30350
20240206,09:19:43,2.55,100,30700
20240206,09:20:10,2.5,150,30700
20240206,09:20:19,2.5,150,30700
20240206,09:20:29,2.6,50,30700
20240206,09:20:38,2.6,50,30700
20240206,09:22:50,2.75,100,30800
20240206,09:24:46,2.75,600,30800
20240206,09:24:55,2.55,50,30800
20240206,09:25:05,2.4,200,30800
20240206,09:25:16,2.5,200,30800
20240206,09:25:52,2.5,100,30900
20240206,09:26:39,2.6,50,30900
20240206,09:27:02,2.55,50,30900
20240206,09:28:22,2.55,50,30900
20240206,09:28:56,2.55,50,30850
20240206,09:29:06,2.55,50,30850
20240206,09:29:17,2.55,50,30850
20240206,09:29:27,2.5,50,30850
20240206,09:29:38,2.5,50,30850
20240206,09:29:49,2.55,50,30850
20240206,09:31:06,2.55,50,30850
20240206,09:32:09,2.6,50,30750
20240206,09:34:25,2.6,50,30750
20240206,09:34:37,2.6,50,30750
20240206,09:36:43,2.55,200,30750
20240206,09:37:04,2.55,250,30750
20240206,09:37:13,2.55,50,30750
20240206,09:37:22,2.55,50,30750
20240206,09:37:53,2.5,50,30750
20240206,09:38:04,2.5,100,31300
20240206,09:38:17,2.5,50,31300
20240206,09:40:40,2.5,100,31300
20240206,09:41:02,2.5,500,31500
20240206,09:41:13,2.45,200,31500
20240206,09:41:25,2.45,50,31500
20240206,09:41:47,2.45,50,31500
20240206,09:42:44,2.45,50,31500
20240206,09:43:06,2.5,50,31500
20240206,09:43:26,2.6,50,31500
20240206,09:44:58,2.45,50,31600
20240206,09:45:53,2.35,400,31600
20240206,09:52:54,2.2,350,31300
20240206,09:53:35,2.4,150,31300
20240206,09:53:45,2.4,50,31300
20240206,09:55:52,2.4,50,31100
20240206,09:59:16,2.4,100,31050
20240206,10:00:39,2.4,50,31050
20240206,10:02:27,2.45,100,31100
20240206,10:04:54,2.4,50,31200
20240206,10:05:06,2.4,50,31200
20240206,10:05:18,2.4,100,31200
20240206,10:05:40,2.4,100,31200
20240206,10:09:10,2.4,100,31200
20240206,10:10:50,2.4,650,31300
20240206,10:11:00,2.4,1100,31300
20240206,10:11:21,2.45,1300,31300
20240206,10:11:31,2.45,1950,31300
20240206,10:11:42,2.45,200,31300
20240206,10:12:51,2.45,50,31300
20240206,10:13:31,2.45,50,31300
20240206,10:14:32,2.5,600,36600
20240206,10:15:12,2.5,50,36600
20240206,10:21:11,2.5,150,37200
20240206,10:21:30,2.5,100,37200
20240206,10:24:47,2.5,200,37200
20240206,10:25:49,2.4,1800,37200
20240206,10:26:10,2.4,500,37200
20240206,10:26:20,2.45,100,37200
20240206,10:26:40,2.45,350,37200
20240206,10:26:50,2.45,200,37200
20240206,10:27:00,2.5,750,37200
20240206,10:27:39,2.5,50,37200
20240206,10:27:48,2.5,50,37200
20240206,10:27:57,2.55,850,37200
20240206,10:28:06,2.55,50,37200
20240206,10:29:14,2.6,50,39450
20240206,10:29:24,2.65,50,39450
20240206,10:29:55,2.6,50,39450
20240206,10:30:06,2.6,50,39450
20240206,10:30:27,2.55,1150,39450
20240206,10:30:38,2.65,700,39450
20240206,10:33:15,2.6,100,40950
20240206,10:33:24,2.6,50,40950
20240206,10:33:43,2.55,100,40950
20240206,10:38:53,2.5,50,41050
20240206,10:40:22,2.5,50,41050
20240206,10:40:39,2.5,50,41050
20240206,10:45:47,2.5,450,41150
20240206,10:46:22,2.5,50,41150
20240206,10:46:31,2.5,50,41150
20240206,10:47:55,2.55,300,41250
20240206,10:48:03,2.55,250,41250
20240206,10:50:16,2.55,50,41450
20240206,10:51:33,2.5,50,41450
20240206,10:51:41,2.55,1050,41450
20240206,10:51:51,2.55,200,41450
20240206,10:53:32,2.55,50,42500
20240206,10:54:28,2.6,50,42500
20240206,10:54:46,2.6,50,42500
20240206,10:55:30,2.65,1350,42500
20240206,10:55:39,2.65,50,42500
20240206,10:55:48,2.7,50,43900
20240206,10:56:55,2.65,50,43900
20240206,10:57:09,2.65,100,43900
20240206,10:57:40,2.65,100,43900
20240206,10:57:59,2.7,150,43900
20240206,10:58:09,2.7,100,43900
20240206,10:58:58,2.7,50,44350
20240206,10:59:57,2.7,100,44350
20240206,11:00:07,2.7,50,44350
20240206,11:00:29,2.75,200,44350
20240206,11:00:40,2.75,100,44350
20240206,11:01:02,2.75,50,44350
20240206,11:02:40,2.75,1000,44850
20240206,11:03:01,2.75,50,44850
20240206,11:03:16,2.75,100,44850
20240206,11:03:40,2.75,100,44850
20240206,11:04:27,2.7,50,44850
20240206,11:05:54,2.7,50,46000
20240206,11:06:04,2.65,2250,46000
20240206,11:06:12,2.65,200,46000
20240206,11:06:34,2.65,1600,46000
20240206,11:06:49,2.7,50,46000
20240206,11:06:56,2.75,50,46000
20240206,11:07:11,2.7,1650,46000
20240206,11:07:24,2.7,150,46000
20240206,11:09:24,2.7,700,49200
20240206,11:09:34,2.75,500,49200
20240206,11:10:00,2.75,50,49200
20240206,11:10:17,2.75,600,49200
20240206,11:11:28,2.75,100,50600
20240206,11:12:39,2.75,50,50600
20240206,11:13:05,2.75,50,50600
20240206,11:13:17,2.7,100,50600
20240206,11:13:40,2.7,50,50600
20240206,11:13:49,2.7,1100,50950
20240206,11:14:00,2.75,600,50950
20240206,11:14:11,2.75,1150,50950
20240206,11:14:22,2.75,550,50950
20240206,11:14:41,2.75,1100,50950
20240206,11:15:35,2.75,1350,50950
20240206,11:15:52,2.75,50,50950
20240206,11:16:10,2.8,100,50950
20240206,11:16:18,2.8,1850,50950
20240206,11:16:26,2.75,3900,50950
20240206,11:16:35,2.75,2050,50950
20240206,11:16:44,2.75,2050,50950
20240206,11:16:54,2.75,3250,61600
20240206,11:17:04,2.75,1950,61600
20240206,11:17:14,2.75,3100,61600
20240206,11:17:23,2.8,2450,61600
20240206,11:17:30,2.8,750,61600
20240206,11:17:38,2.8,250,61600
20240206,11:17:45,2.8,50,61600
20240206,11:18:52,2.85,50,61600
20240206,11:20:52,2.85,50,69600
20240206,11:21:17,2.85,1800,69600
20240206,11:22:14,2.9,1800,69600
20240206,11:22:41,2.9,1800,69600
20240206,11:23:09,2.9,1050,74050
20240206,11:23:15,2.8,800,74050
20240206,11:23:48,2.9,200,74050
20240206,11:24:05,2.9,200,74050
20240206,11:24:12,2.9,200,74050
20240206,11:24:40,2.9,100,74050
20240206,11:25:37,2.75,950,74050
20240206,11:25:42,2.75,2050,74050
20240206,11:25:47,2.75,800,79100
20240206,11:25:52,2.75,1050,79100
20240206,11:25:58,2.75,1250,79100
20240206,11:26:03,2.75,900,79100
20240206,11:26:26,2.75,100,79100
20240206,11:27:11,2.75,50,79100
20240206,11:27:22,2.75,500,79100
20240206,11:27:28,2.75,250,79100
20240206,11:27:33,2.75,400,79100
20240206,11:27:38,2.75,50,79100
20240206,11:27:49,2.75,1350,79100
20240206,11:27:55,2.7,350,79100
20240206,11:27:59,2.7,500,79100
20240206,11:28:21,2.7,50,79100
20240206,11:28:32,2.75,700,79100
20240206,11:28:52,2.75,400,84000
20240206,11:28:59,2.75,1350,84000
20240206,11:29:12,2.8,400,84000
20240206,11:30:24,2.75,150,84000
20240206,11:30:29,2.75,150,84000
20240206,11:30:35,2.75,250,84000
20240206,11:31:17,2.8,200,84000
20240206,11:31:32,2.8,50,84000
20240206,11:31:46,2.75,50,84000
20240206,11:32:30,2.8,1750,86850
20240206,11:32:39,2.8,1250,86850
20240206,11:32:49,2.8,250,86850
20240206,11:33:26,2.85,50,86850
20240206,11:34:05,2.8,400,86850
20240206,11:34:20,2.85,550,86850
20240206,11:35:29,2.9,500,90800
20240206,11:35:41,2.9,1550,90800
20240206,11:35:53,2.9,50,90800
20240206,11:40:10,2.85,50,92600
20240206,11:41:13,2.85,50,92600
20240206,11:41:25,2.85,50,92600
20240206,11:41:46,2.85,550,92600
20240206,11:44:05,2.8,1500,92800
20240206,11:45:26,2.8,50,92800
20240206,11:45:36,2.75,1450,92800
20240206,11:46:27,2.8,1500,92800
20240206,11:47:47,2.8,400,93700
20240206,11:48:06,2.75,1400,93700
20240206,11:48:25,2.8,300,93700
20240206,11:48:34,2.8,100,93700
20240206,11:50:33,2.8,200,94700
20240206,11:53:54,2.8,450,94700
20240206,11:54:16,2.8,300,94700
20240206,11:54:47,2.7,400,94700
20240206,11:55:19,2.8,350,94700
20240206,11:55:29,2.8,150,94700
20240206,11:57:31,2.85,150,95600
20240206,11:57:51,2.85,50,95600
20240206,11:58:54,2.8,100,95600
20240206,11:59:17,2.85,1350,95500
20240206,11:59:40,2.85,50,95500
20240206,12:00:04,2.85,400,95500
20240206,12:00:17,2.9,1850,95500
20240206,12:00:40,2.9,50,95500
20240206,12:01:26,2.9,250,95500
20240206,12:02:37,2.9,150,99000
20240206,12:05:01,2.9,50,99000
20240206,12:09:15,2.85,100,99050
20240206,12:09:22,2.85,150,99050
20240206,12:09:42,2.85,50,99050
20240206,12:10:15,2.85,750,99050
20240206,12:12:03,2.85,600,100000
20240206,12:13:02,2.85,1250,100000
20240206,12:13:26,2.85,100,100000
20240206,12:13:34,2.85,1250,100000
20240206,12:13:53,2.9,150,100000
20240206,12:14:01,2.85,1000,102150
20240206,12:14:24,2.85,100,102150
20240206,12:14:33,2.85,150,102150
20240206,12:17:06,2.8,550,103200
20240206,12:17:12,2.8,1750,103200
20240206,12:17:18,2.8,1300,103200
20240206,12:17:50,2.8,200,103200
20240206,12:17:56,2.8,150,103200
20240206,12:24:02,2.8,1050,107050
20240206,12:25:21,2.8,250,107050
20240206,12:25:55,2.75,700,107050
20240206,12:26:31,2.75,550,107750
20240206,12:27:05,2.75,100,107750
20240206,12:27:43,2.65,200,107750
20240206,12:28:24,2.65,500,107750
20240206,12:28:41,2.7,100,107750
20240206,12:31:58,2.7,50,108150
20240206,12:32:44,2.75,50,108150
20240206,12:34:05,2.7,600,108150
20240206,12:34:30,2.7,150,108150
20240206,12:34:37,2.7,350,108150
20240206,12:35:15,2.75,700,108050
20240206,12:37:13,2.75,250,108050
20240206,12:41:41,2.7,150,108650
20240206,12:41:47,2.7,100,108650
20240206,12:42:17,2.75,150,108650
20240206,12:47:43,2.6,100,109000
20240206,12:47:49,2.7,50,109000
20240206,12:47:56,2.75,100,109000
20240206,12:48:35,2.7,150,109000
20240206,12:48:45,2.7,100,109000
20240206,12:48:54,2.7,50,109000
20240206,12:49:29,2.7,50,109000
20240206,12:51:17,2.65,100,108900
20240206,12:52:29,2.65,50,108900
20240206,12:53:44,2.65,50,108900
20240206,12:58:20,2.65,1600,108900
20240206,13:01:52,2.65,200,110500
20240206,13:03:19,2.65,750,110300
20240206,13:03:26,2.65,750,110300
20240206,13:04:05,2.55,900,110300
20240206,13:06:13,2.6,300,110600
20240206,13:06:20,2.55,1550,110600
20240206,13:08:15,2.5,500,111450
20240206,13:08:30,2.55,250,111450
20240206,13:08:42,2.5,200,111450
20240206,13:09:26,2.55,50,111450
20240206,13:09:30,2.5,50,111450
20240206,13:09:42,2.5,50,111450
20240206,13:09:53,2.5,50,111450
20240206,13:10:47,2.5,250,111450
20240206,13:10:51,2.5,50,111450
20240206,13:11:57,2.5,50,111200
20240206,13:12:12,2.4,4100,111200
20240206,13:12:17,2.4,1200,111200
20240206,13:12:22,2.4,900,111200
20240206,13:13:37,2.45,350,111200
20240206,13:13:56,2.4,1000,111200
20240206,13:14:02,2.4,1600,111200
20240206,13:14:06,2.4,500,117650
20240206,13:14:32,2.4,100,117650
20240206,13:14:47,2.4,300,117650
20240206,13:14:52,2.4,350,117650
20240206,13:17:03,2.4,100,117650
20240206,13:17:14,2.4,50,118300
20240206,13:20:35,2.4,1050,118400
20240206,13:20:42,2.4,1700,118400
20240206,13:20:48,2.4,1450,118400
20240206,13:20:53,2.4,1250,118400
20240206,13:20:57,2.4,1200,118400
20240206,13:21:01,2.4,1000,118400
20240206,13:21:05,2.4,1250,118400
20240206,13:21:09,2.4,1050,118400
20240206,13:21:15,2.4,1700,118400
20240206,13:21:21,2.4,1500,118400
20240206,13:21:26,2.4,1250,118400
20240206,13:21:30,2.4,1150,118400
20240206,13:21:35,2.4,1300,118400
20240206,13:21:42,2.4,1750,118400
20240206,13:21:48,2.4,1600,118400
20240206,13:21:56,2.4,700,118400
20240206,13:24:23,2.4,850,138750
20240206,13:24:26,2.4,800,138750
20240206,13:24:32,2.4,1600,138750
20240206,13:24:41,2.4,2350,138750
20240206,13:24:49,2.4,2150,138750
20240206,13:24:56,2.4,50,138750
20240206,13:25:43,2.35,100,138750
20240206,13:26:18,2.4,3600,146550
20240206,13:26:58,2.4,3350,146550
20240206,13:28:34,2.4,2100,146550
20240206,13:28:46,2.45,50,146550
20240206,13:30:48,2.35,700,147200
20240206,13:32:30,2.4,900,146500
20240206,13:33:00,2.35,50,146500
20240206,13:35:14,2.4,1000,146500
20240206,13:35:19,2.5,7750,146500
20240206,13:35:25,2.55,300,146500
20240206,13:35:38,2.55,50,146500
20240206,13:35:48,2.55,50,146500
20240206,13:36:50,2.6,250,146500
20240206,13:37:02,2.6,250,146500
20240206,13:37:14,2.6,100,146500
20240206,13:39:14,2.6,300,154300
20240206,13:39:35,2.55,3000,154300
20240206,13:42:07,2.6,50,157300
20240206,13:42:19,2.55,2400,157300
20240206,13:42:57,2.55,50,157300
20240206,13:43:06,2.5,2250,157300
20240206,13:43:16,2.5,1550,157300
20240206,13:43:26,2.5,250,157300
20240206,13:46:16,2.5,600,163650
20240206,13:46:25,2.5,850,163650
20240206,13:47:06,2.5,250,163650
20240206,13:47:57,2.5,3000,164150
20240206,13:49:57,2.5,50,164150
20240206,13:54:59,2.55,500,166450
20240206,13:58:09,2.5,2350,166650
20240206,14:06:02,2.5,750,169000
20240206,14:10:15,2.5,150,169500
20240206,14:14:01,2.55,500,169500
20240206,14:15:00,2.55,250,169500
20240206,14:15:11,2.6,17250,169500
20240206,14:15:20,2.6,2000,169500
20240206,14:16:04,2.6,3000,169500
20240206,14:16:13,2.65,550,169500
20240206,14:17:27,2.6,100,191250
20240206,14:18:17,2.65,50,191250
20240206,14:19:12,2.6,2550,191250
20240206,14:19:40,2.6,850,191250
20240206,14:19:48,2.5,750,191250
20240206,14:21:51,2.5,50,194200
20240206,14:22:55,2.55,1350,194200
20240206,14:25:49,2.6,150,193350
20240206,14:25:57,2.55,400,193350
20240206,14:26:11,2.55,50,193350
20240206,14:26:49,2.55,50,193700
20240206,14:27:14,2.55,50,193700
20240206,14:29:01,2.55,50,193700
20240206,14:29:09,2.55,50,193700
20240206,14:29:54,2.55,50,193700
20240206,14:30:24,2.6,200,193700
20240206,14:33:22,2.6,50,193700
20240206,14:35:46,2.5,100,193750
20240206,14:38:14,2.55,300,193750
20240206,14:38:21,2.55,500,193750
20240206,14:39:36,2.55,600,194350
20240206,14:39:47,2.55,400,194350
20240206,14:39:56,2.6,50,194350
20240206,14:40:06,2.6,2000,194350
20240206,14:40:15,2.6,50,194350
20240206,14:42:44,2.65,150,196750
20240206,14:42:52,2.65,450,196750
20240206,14:43:00,2.65,1950,196750
20240206,14:43:11,2.65,300,196750
20240206,14:43:34,2.65,100,196750
20240206,14:44:12,2.65,50,196750
20240206,14:45:05,2.7,100,199350
20240206,14:45:14,2.7,50,199350
20240206,14:45:23,2.65,50,199350
20240206,14:46:50,2.65,50,199350
20240206,14:50:08,2.6,300,199600
20240206,14:52:23,2.65,400,199900
20240206,14:54:40,2.65,50,200100
20240206,14:55:38,2.65,50,200100
20240206,14:56:22,2.7,1800,200050
20240206,14:56:29,2.7,3600,200050
20240206,14:57:47,2.7,300,200050
20240206,14:59:04,2.75,1000,200050
20240206,15:00:09,2.7,1500,205850
20240206,15:01:05,2.7,4200,205850
20240206,15:01:22,2.75,1200,205850
20240206,15:01:59,2.7,1500,205850
20240206,15:02:16,2.75,50,205850
20240206,15:04:15,2.7,100,214300
20240206,15:04:30,2.7,1000,214300
20240206,15:04:45,2.7,600,214300
20240206,15:04:52,2.7,50,214300
20240206,15:04:58,2.7,6050,214300
20240206,15:05:51,2.7,250,222000
20240206,15:05:56,2.7,250,222000
20240206,15:06:28,2.7,250,222000
20240206,15:06:34,2.7,500,222000
20240206,15:06:41,2.7,50,222000
20240206,15:08:38,2.7,50,222000
20240206,15:08:59,2.65,3350,222000
20240206,15:09:04,2.65,100,222000
20240206,15:10:03,2.7,250,222000
20240206,15:10:08,2.7,1450,222000
20240206,15:10:13,2.7,950,222000
20240206,15:10:26,2.7,500,222000
20240206,15:11:16,2.7,200,222000
20240206,15:11:56,2.7,4000,225450
20240206,15:12:01,2.7,2000,225450
20240206,15:12:06,2.7,3000,225450
20240206,15:12:11,2.7,5000,225450
20240206,15:12:25,2.65,5500,225450
20240206,15:12:30,2.65,6000,225450
20240206,15:12:34,2.65,100,225450
20240206,15:12:37,2.65,6800,225450
20240206,15:12:53,2.65,4000,225450
20240206,15:13:01,2.65,5000,225450
20240206,15:13:20,2.65,2000,225450
20240206,15:13:33,2.65,7000,225450
20240206,15:13:39,2.65,6450,225450
20240206,15:14:01,2.6,100,225450
20240206,15:14:08,2.6,2900,225450
20240206,15:14:17,2.6,7700,225450
20240206,15:14:24,2.65,8100,285900
20240206,15:14:40,2.65,350,285900
20240206,15:15:09,2.65,200,285900
20240206,15:15:42,2.6,500,285900
20240206,15:15:49,2.6,50,285900
20240206,15:16:39,2.6,100,285900
20240206,15:16:45,2.6,950,285900
20240206,15:16:52,2.65,50,285900
20240206,15:17:14,2.7,250,285900
20240206,15:17:20,2.6,50,285900
20240206,15:18:15,2.6,1000,295750
20240206,15:18:27,2.6,2000,295750
20240206,15:18:32,2.65,50,295750
20240206,15:18:38,2.65,4000,295750
20240206,15:18:45,2.6,1950,295750
20240206,15:18:51,2.6,3000,295750
20240206,15:18:57,2.6,9350,295750
20240206,15:19:29,2.6,250,295750
20240206,15:19:45,2.6,200,295750
20240206,15:20:34,2.6,800,316800
20240206,15:20:38,2.6,200,316800
20240206,15:21:14,2.6,50,316800
20240206,15:21:22,2.6,1300,316800
20240206,15:21:28,2.6,150,316800
20240206,15:21:40,2.55,1250,316800
20240206,15:22:09,2.6,1000,316800
20240206,15:22:15,2.6,10000,316800
20240206,15:22:21,2.55,3350,316800
20240206,15:22:27,2.55,2550,316800
20240206,15:22:32,2.55,2300,316800
20240206,15:22:38,2.55,1850,316800
20240206,15:22:44,2.55,3450,316800
20240206,15:22:50,2.55,1350,316800
20240206,15:22:56,2.55,1200,316800
20240206,15:23:01,2.55,1400,316800
20240206,15:23:08,2.55,1500,316800
20240206,15:23:14,2.55,1200,316800
20240206,15:23:19,2.55,1150,316800
20240206,15:23:25,2.55,2250,342450
20240206,15:23:31,2.6,1300,342450
20240206,15:23:37,2.6,2700,342450
20240206,15:23:44,2.6,1800,342450
20240206,15:23:51,2.6,1750,342450
20240206,15:23:58,2.6,2400,342450
20240206,15:23:59,2.6,450,342450
20240206,15:24:00,2.6,550,342450
20240206,15:24:02,2.6,100,342450
20240206,15:24:04,2.6,500,342450
20240206,15:24:05,2.6,450,342450
20240206,15:24:07,2.6,350,342450
20240206,15:24:08,2.6,500,342450
20240206,15:24:10,2.6,450,342450
20240206,15:24:12,2.6,400,342450
20240206,15:24:13,2.6,8700,342450
20240206,15:24:15,2.6,800,342450
20240206,15:24:17,2.6,500,342450
20240206,15:24:18,2.6,450,342450
20240206,15:24:20,2.6,200,342450
20240206,15:24:22,2.6,350,342450
20240206,15:24:23,2.6,350,342450
20240206,15:24:25,2.6,350,342450
20240206,15:24:27,2.6,500,342450
20240206,15:24:29,2.6,500,342450
20240206,15:24:30,2.6,450,342450
20240206,15:24:32,2.6,150,342450
20240206,15:24:34,2.6,450,342450
20240206,15:24:35,2.6,450,342450
20240206,15:24:37,2.6,250,342450
20240206,15:24:39,2.6,300,342450
20240206,15:24:40,2.6,400,342450
20240206,15:24:42,2.6,450,342450
20240206,15:24:44,2.6,500,342450
20240206,15:24:45,2.6,400,342450
20240206,15:24:47,2.6,300,342450
20240206,15:24:49,2.6,450,342450
20240206,15:24:50,2.6,450,342450
20240206,15:24:52,2.6,400,342450
20240206,15:24:54,2.6,600,342450
20240206,15:24:55,2.6,350,342450
20240206,15:24:57,2.6,400,342450
20240206,15:24:58,2.6,500,342450
20240206,15:25:00,2.6,300,342450
20240206,15:25:02,2.6,400,342450
20240206,15:25:03,2.6,300,342450
20240206,15:25:05,2.65,150,342450
20240206,15:25:07,2.65,500,342450
20240206,15:25:08,2.65,500,342450
20240206,15:25:10,2.65,300,342450
20240206,15:25:12,2.65,1550,342450
20240206,15:25:13,2.65,500,342450
20240206,15:25:15,2.65,450,342450
20240206,15:25:17,2.65,1100,342450
20240206,15:25:18,2.65,300,342450
20240206,15:25:20,2.65,150,342450
20240206,15:25:22,2.65,1100,342450
20240206,15:25:23,2.65,450,342450
20240206,15:25:25,2.65,450,342450
20240206,15:25:27,2.65,500,342450
20240206,15:25:28,2.65,350,342450
20240206,15:25:30,2.65,450,342450
20240206,15:25:32,2.65,450,342450
20240206,15:25:33,2.65,250,342450
20240206,15:25:37,2.65,100,342450
20240206,15:25:38,2.65,550,342450
20240206,15:25:40,2.65,400,342450
20240206,15:25:42,2.65,150,342450
20240206,15:25:46,2.7,250,342450
20240206,15:25:48,2.7,450,342450
20240206,15:25:50,2.7,500,342450
20240206,15:25:51,2.7,450,342450
20240206,15:25:53,2.7,250,342450
20240206,15:25:55,2.65,100,342450
20240206,15:25:56,2.7,200,342450
20240206,15:26:00,2.7,400,342450
20240206,15:26:01,2.75,450,342450
20240206,15:26:03,2.75,750,342450
20240206,15:26:05,2.75,500,342450
20240206,15:26:06,2.75,450,342450
20240206,15:26:08,2.75,450,342450
20240206,15:26:10,2.75,550,342450
20240206,15:26:11,2.75,350,342450
20240206,15:26:13,2.75,1500,342450
20240206,15:26:15,2.75,450,342450
20240206,15:26:16,2.75,150,342450
20240206,15:26:18,2.75,450,342450
20240206,15:26:20,2.7,250,342450
20240206,15:26:25,2.7,150,381100
20240206,15:26:26,2.7,150,381100
20240206,15:26:46,2.7,100,381100
20240206,15:26:48,2.7,250,381100
20240206,15:26:50,2.7,350,381100
20240206,15:26:51,2.7,300,381100
20240206,15:27:42,2.7,400,381100
20240206,15:27:52,2.7,950,381100
20240206,15:28:01,2.75,50,381100
20240206,15:28:43,2.8,100,381100
20240206,15:28:54,2.8,600,381100
20240206,15:29:07,2.8,3150,381100
20240206,15:29:20,2.8,700,381100
20240206,15:29:34,2.8,50,386150
20240206,15:30:00,2.95,200,386150
20240207,09:15:06,2.65,1,386200
20240207,09:15:06,2.75,1,386200
20240207,09:15:06,2.7,250,386200
20240207,09:15:45,2.15,400,386200
20240207,09:16:41,2.15,150,386000
20240207,09:17:04,2.25,50,386000
20240207,09:19:45,2.25,150,386100
20240207,09:20:05,2.45,50,386100
20240207,09:20:36,2.25,50,386100
20240207,09:20:55,2.25,50,386100
20240207,09:21:24,2.25,50,386100
20240207,09:24:49,2.5,1550,385800
20240207,09:27:24,2.25,150,387350
20240207,09:28:20,2.25,200,387350
20240207,09:31:02,2.25,200,387550
20240207,09:31:24,2.2,250,387550
20240207,09:32:26,2.2,100,388000
20240207,09:32:36,2.25,50,388000
20240207,09:32:47,2.15,1300,388000
20240207,09:32:56,2.15,200,388000
20240207,09:33:06,2.2,50,388000
20240207,09:33:15,2.15,3650,388000
20240207,09:33:24,2.0,15850,388000
20240207,09:33:51,2.0,300,388000
20240207,09:34:01,2.0,50,388000
20240207,09:34:39,2.0,200,392950
20240207,09:36:00,2.2,600,392950
20240207,09:36:10,2.2,1350,392950
20240207,09:36:19,2.25,4150,392950
20240207,09:36:29,2.25,350,392950
20240207,09:36:58,2.2,2250,392950
20240207,09:37:06,2.2,400,392950
20240207,09:37:15,2.2,250,392950
20240207,09:37:24,2.2,300,392950
20240207,09:37:45,2.25,450,395900
20240207,09:37:55,2.1,5650,395900
20240207,09:38:05,2.1,1350,395900
20240207,09:38:15,2.1,150,395900
20240207,09:38:26,2.1,300,395900
20240207,09:38:37,2.1,850,395900
20240207,09:38:48,2.1,2400,395900
20240207,09:38:58,2.1,1100,395900
20240207,09:39:09,2.1,550,395900
20240207,09:39:19,2.1,350,395900
20240207,09:39:29,2.1,400,395900
20240207,09:39:40,2.1,400,395900
20240207,09:39:51,2.1,1400,395900
20240207,09:40:01,2.1,4800,395900
20240207,09:40:12,2.1,1500,395900
20240207,09:40:23,2.1,1550,395900
20240207,09:40:35,2.15,400,412850
20240207,09:40:47,2.15,50,412850
20240207,09:41:28,2.15,100,412850
20240207,09:41:37,2.15,50,412850
20240207,09:42:51,2.1,450,412850
20240207,09:45:03,2.1,50,413300
20240207,09:45:54,2.15,400,413300
20240207,09:51:12,2.15,450,413450
20240207,09:56:59,2.2,50,413900
20240207,09:58:17,2.1,300,413900
20240207,09:58:47,2.15,250,414250
20240207,10:02:13,2.1,450,414500
20240207,10:02:48,2.2,50,414500
20240207,10:06:05,2.2,50,414950
20240207,10:06:14,2.05,600,414950
20240207,10:06:23,2.1,200,414950
20240207,10:13:19,2.1,50,415600
20240207,10:16:46,2.05,50,415550
20240207,10:17:48,2.15,500,415550
20240207,10:23:19,2.1,100,416050
20240207,10:23:27,2.1,100,416050
20240207,10:23:35,2.1,500,416050
20240207,10:23:42,2.1,100,416050
20240207,10:23:49,2.1,300,416050
20240207,10:23:56,2.1,100,416050
20240207,10:24:03,2.1,500,416050
20240207,10:26:41,2.0,600,417750
20240207,10:26:48,2.1,50,417750
20240207,10:29:00,2.15,500,417650
20240207,10:31:34,2.05,650,417650
20240207,10:31:41,2.05,600,419100
20240207,10:31:48,2.05,50,419100
20240207,10:31:55,2.05,100,419100
20240207,10:32:01,2.05,100,419100
20240207,10:32:13,2.05,200,419100
20240207,10:32:20,2.05,200,419100
20240207,10:33:02,2.05,400,419100
20240207,10:35:32,2.15,100,420300
20240207,10:35:39,2.15,150,420300
20240207,10:41:56,2.15,50,420550
20240207,10:42:22,2.1,100,420550
20240207,10:42:30,2.1,50,420550
20240207,10:43:03,2.1,50,420550
20240207,10:43:09,2.15,150,420550
20240207,10:43:22,2.15,50,420550
20240207,10:44:06,2.1,100,420700
20240207,10:44:39,2.1,50,420700
20240207,10:45:04,2.0,600,420700
20240207,10:45:17,2.0,400,420700
20240207,10:46:52,2.0,100,421650
20240207,10:47:35,2.0,1300,421650
20240207,10:47:42,2.0,350,421650
20240207,10:47:56,2.0,400,421650
20240207,10:48:03,2.0,600,421650
20240207,10:48:41,2.05,100,421650
20240207,10:49:19,2.05,600,421650
20240207,10:51:19,2.0,300,422600
20240207,10:52:11,2.1,1150,422600
20240207,10:52:17,2.1,500,422600
20240207,10:53:25,2.0,300,423600
20240207,10:55:13,2.0,200,423600
20240207,10:56:07,2.05,400,423600
20240207,10:56:32,2.0,100,423600
20240207,10:58:49,1.95,1900,423650
20240207,10:59:00,2.05,450,423650
20240207,11:00:53,2.0,1800,423650
20240207,11:01:39,2.1,1800,423650
20240207,11:01:43,2.1,600,423650
20240207,11:05:35,2.15,150,427200
20240207,11:06:40,2.1,250,427200
20240207,11:09:44,2.1,250,427600
20240207,11:16:00,2.15,50,427850
20240207,11:16:12,2.1,1000,427850
20240207,11:16:18,2.1,250,427850
20240207,11:16:52,2.15,600,429150
20240207,11:17:08,2.15,200,429150
20240207,11:17:13,2.1,50,429150
20240207,11:17:25,2.15,100,429150
20240207,11:17:34,2.1,400,429150
20240207,11:18:23,2.1,400,429150
20240207,11:18:45,2.1,100,429150
20240207,11:18:56,2.1,400,429150
20240207,11:19:28,2.1,250,429150
20240207,11:20:27,2.1,300,431250
20240207,11:20:58,2.1,250,431250
20240207,11:21:03,2.1,100,431250
20240207,11:21:21,2.1,500,431250
20240207,11:22:00,2.15,50,431250
20240207,11:22:40,2.1,50,431250
20240207,11:27:49,2.1,250,432450
20240207,11:30:36,2.0,1100,432700
20240207,11:30:50,2.0,1400,432700
20240207,11:31:28,2.0,550,432700
20240207,11:31:34,2.05,100,432700
20240207,11:31:40,2.0,1150,432700
20240207,11:33:12,2.05,100,432500
20240207,11:34:14,2.05,250,432500
20240207,11:34:54,2.05,50,432400
20240207,11:37:31,2.0,100,432400
20240207,11:37:49,2.0,1200,432400
20240207,11:40:53,1.95,350,432400
20240207,11:41:45,1.95,600,432050
20240207,11:46:35,1.95,200,432050
20240207,11:46:44,1.9,100,432050
20240207,11:49:43,1.9,50,431750
20240207,11:51:00,1.95,6000,431750
20240207,11:51:52,1.9,500,431750
20240207,11:56:29,1.95,300,431750
20240207,11:57:22,1.95,50,431750
20240207,11:59:55,1.9,150,432100
20240207,12:01:55,1.9,100,432100
20240207,12:02:02,1.9,150,432100
20240207,12:02:58,1.9,200,432100
20240207,12:09:38,1.9,50,431750
20240207,12:11:27,1.95,350,431700
20240207,12:11:53,1.95,250,431700
20240207,12:14:26,1.85,250,432200
20240207,12:15:04,1.85,150,432200
20240207,12:15:44,1.95,500,432200
20240207,12:15:59,1.95,500,432200
20240207,12:16:07,1.8,1000,432200
20240207,12:21:40,1.8,250,432650
20240207,12:25:17,1.85,200,432650
20240207,12:26:10,1.85,500,432800
20240207,12:26:24,1.85,50,432800
20240207,12:26:30,1.85,50,432800
20240207,12:27:18,1.85,1000,432800
20240207,12:27:24,1.85,150,432800
20240207,12:27:30,1.85,100,432800
20240207,12:27:36,1.85,150,432800
20240207,12:27:41,1.85,100,432800
20240207,12:28:47,1.85,100,432800
20240207,12:28:52,1.85,50,432800
20240207,12:28:58,1.85,50,434650
20240207,12:29:03,1.85,250,434650
20240207,12:29:52,1.85,250,434650
20240207,12:29:57,1.85,50,434650
20240207,12:30:43,1.9,50,434650
20240207,12:31:24,1.85,50,434650
20240207,12:31:34,1.85,100,434650
20240207,12:31:39,1.85,350,434650
20240207,12:31:52,1.85,100,434650
20240207,12:31:59,1.85,100,434650
20240207,12:32:12,1.85,50,435950
20240207,12:35:43,1.85,800,436000
20240207,12:35:51,1.85,1250,436000
20240207,12:35:58,1.85,300,436000
20240207,12:36:05,1.85,600,436000
20240207,12:36:12,1.85,1800,436000
20240207,12:36:25,1.85,250,436000
20240207,12:36:31,1.85,100,436000
20240207,12:36:37,1.85,50,436000
20240207,12:36:44,1.85,100,436000
20240207,12:36:50,1.85,100,436000
20240207,12:36:56,1.85,50,436000
20240207,12:37:01,1.85,300,436000
20240207,12:37:08,1.85,500,436000
20240207,12:37:15,1.85,50,436000
20240207,12:37:22,1.85,100,436000
20240207,12:37:28,1.85,400,436000
20240207,12:37:35,1.85,50,436000
20240207,12:37:43,1.85,100,436000
20240207,12:37:50,1.85,350,436000
20240207,12:37:56,1.85,950,436000
20240207,12:38:02,1.85,250,444200
20240207,12:38:09,1.85,200,444200
20240207,12:38:15,1.85,200,444200
20240207,12:38:21,1.85,50,444200
20240207,12:40:46,1.8,200,444200
20240207,12:41:18,1.9,2300,444800
20240207,12:42:32,1.95,10000,444800
20240207,12:42:37,1.95,9000,444800
20240207,12:42:44,1.95,18000,444800
20240207,12:42:50,1.95,10800,444800
20240207,12:42:56,1.95,12600,444800
20240207,12:43:03,1.95,10800,444800
20240207,12:43:09,1.95,9000,444800
20240207,12:43:14,1.95,3600,444800
20240207,12:43:31,1.95,9200,444800
20240207,12:43:37,1.95,8200,444800
20240207,12:43:42,1.95,7200,444800
20240207,12:43:47,1.95,15400,444800
20240207,12:43:52,1.95,15400,444800
20240207,12:43:58,1.95,6700,444800
20240207,12:44:32,1.95,7200,586050
20240207,12:44:39,1.95,14400,586050
20240207,12:44:45,1.95,7200,586050
20240207,12:44:51,1.95,14400,586050
20240207,12:44:56,1.95,12700,586050
20240207,12:45:07,2.0,200,586050
20240207,12:49:36,1.95,10700,641800
20240207,12:50:10,1.9,200,652500
20240207,12:50:58,1.9,200,652500
20240207,12:54:18,1.9,50,652800
20240207,12:54:40,1.9,5400,652800
20240207,12:54:47,1.9,7200,652800
20240207,12:54:54,1.9,18000,652800
20240207,12:55:00,1.9,20800,652800
20240207,12:55:07,1.9,12600,652800
20240207,12:55:13,1.9,10800,652800
20240207,12:55:18,1.9,11800,652800
20240207,12:55:41,1.9,250,652800
20240207,12:55:46,1.9,900,652800
20240207,12:57:12,1.9,4600,737750
20240207,12:57:18,1.9,3600,737750
20240207,12:57:24,1.9,19000,737750
20240207,13:04:21,1.85,1200,763000
20240207,13:08:52,1.85,400,764200
20240207,13:10:51,1.85,3200,764200
20240207,13:10:59,1.85,1200,764200
20240207,13:15:53,1.8,1600,769000
20240207,13:16:38,1.85,250,769000
20240207,13:16:44,1.85,400,769000
20240207,13:17:32,1.9,500,770250
20240207,13:17:37,1.85,50,770250
20240207,13:18:28,1.9,900,770250
20240207,13:18:55,1.85,800,770250
20240207,13:19:01,1.8,200,770250
20240207,13:20:14,1.9,100,769300
20240207,13:21:07,1.85,50,769300
20240207,13:21:34,1.85,250,769300
20240207,13:26:31,1.85,50,769400
20240207,13:27:07,1.85,50,769400
20240207,13:29:53,1.9,300,769400
20240207,13:34:59,1.85,700,769700
20240207,13:36:03,1.8,50,770400
20240207,13:41:58,1.85,300,770350
20240207,13:42:16,1.85,50,770350
20240207,13:44:35,1.9,50,770350
20240207,13:44:49,1.9,1650,770350
20240207,13:45:50,1.9,1500,770350
20240207,13:47:17,1.9,1000,772650
20240207,13:49:18,1.9,50,772650
20240207,13:49:50,1.9,550,772650
20240207,13:52:19,1.9,150,774250
20240207,13:53:08,1.95,200,774250
20240207,13:55:31,1.95,150,774600
20240207,13:58:19,1.9,1500,774750
20240207,13:58:24,1.9,1500,774750
20240207,13:59:38,1.9,200,777750
20240207,13:59:59,1.9,1800,777750
20240207,14:00:08,1.9,1800,777750
20240207,14:00:18,1.9,250,777750
20240207,14:01:29,1.9,3000,777750
20240207,14:01:44,1.9,3000,777750
20240207,14:02:32,1.9,1500,787600
20240207,14:02:42,1.9,1500,787600
20240207,14:04:01,1.9,700,787600
20240207,14:04:38,1.9,4200,787600
20240207,14:04:46,1.85,1200,787600
20240207,14:05:28,1.9,50,795500
20240207,14:05:33,1.9,100,795500
20240207,14:06:23,1.85,1800,795500
20240207,14:07:04,1.85,1800,795500
20240207,14:07:25,1.85,150,795500
20240207,14:07:30,1.85,1000,795500
20240207,14:07:36,1.9,150,795500
20240207,14:07:48,1.9,50,795500
20240207,14:08:02,1.9,2000,795500
20240207,14:08:11,1.9,650,795500
20240207,14:08:19,1.9,150,799200
20240207,14:08:26,1.9,50,799200
20240207,14:08:32,1.9,1650,799200
20240207,14:08:39,1.9,1650,799200
20240207,14:08:54,1.9,100,799200
20240207,14:09:08,1.95,50,799200
20240207,14:09:16,1.9,100,799200
20240207,14:09:23,1.9,350,799200
20240207,14:09:37,1.95,100,799200
20240207,14:09:43,1.95,850,799200
20240207,14:09:51,1.95,150,799200
20240207,14:09:58,1.95,350,799200
20240207,14:10:05,1.95,800,799200
20240207,14:10:38,1.9,300,799200
20240207,14:10:45,1.9,600,799200
20240207,14:10:58,1.95,300,799200
20240207,14:11:05,1.95,300,799200
20240207,14:11:13,1.95,400,803450
20240207,14:11:19,1.95,200,803450
20240207,14:11:25,1.95,400,803450
20240207,14:11:32,1.95,100,803450
20240207,14:11:39,1.95,400,803450
20240207,14:11:45,1.95,200,803450
20240207,14:11:52,1.95,200,803450
20240207,14:11:59,1.95,400,803450
20240207,14:12:06,1.95,500,803450
20240207,14:12:20,2.0,1300,803450
20240207,14:12:27,2.0,750,803450
20240207,14:14:56,1.95,50,808100
20240207,14:15:31,1.9,250,808100
20240207,14:15:51,1.9,250,808100
20240207,14:15:57,1.9,1150,808100
20240207,14:16:54,1.9,50,808100
20240207,14:17:02,1.9,50,808100
20240207,14:17:09,1.9,100,808100
20240207,14:17:23,1.9,50,808400
20240207,14:17:30,1.9,50,808400
20240207,14:17:36,1.9,50,808400
20240207,14:17:42,1.9,500,808400
20240207,14:17:49,1.9,450,808400
20240207,14:17:56,1.9,450,808400
20240207,14:18:02,1.9,300,808400
20240207,14:20:03,1.85,50,808400
20240207,14:21:03,1.9,150,810300
20240207,14:21:12,1.9,750,810300
20240207,14:21:27,1.95,300,810300
20240207,14:24:26,1.85,200,810750
20240207,14:27:34,1.85,400,810600
20240207,14:27:47,1.85,800,810600
20240207,14:27:54,1.9,1700,810600
20240207,14:28:00,1.8,800,810600
20240207,14:28:07,1.9,1000,810600
20240207,14:28:14,1.9,1500,810600
20240207,14:28:21,1.95,1900,810600
20240207,14:29:03,1.85,1800,810600
20240207,14:29:10,1.9,50,810600
20240207,14:30:19,1.85,100,812000
20240207,14:30:33,1.8,250,812000
20240207,14:31:02,1.8,50,812000
20240207,14:31:23,1.85,600,812000
20240207,14:35:58,1.85,50,812050
20240207,14:38:07,1.75,550,812050
20240207,14:38:12,1.75,300,812050
20240207,14:38:59,1.85,1050,812250
20240207,14:42:11,1.85,900,813300
20240207,14:46:03,1.85,250,814200
20240207,14:48:50,1.85,100,814450
20240207,14:50:18,1.9,1500,814450
20240207,14:50:42,1.85,250,814450
20240207,14:51:27,1.9,150,814450
20240207,14:52:36,1.85,100,814450
20240207,14:52:52,1.85,150,814450
20240207,14:53:21,1.85,13400,814450
20240207,14:54:09,1.8,4600,828500
20240207,14:54:14,1.85,1000,828500
20240207,14:54:20,1.85,500,828500
20240207,14:54:31,1.85,1500,828500
20240207,14:55:18,1.8,100,828500
20240207,14:55:30,1.9,50,828500
20240207,14:55:52,1.9,750,828500
20240207,14:56:50,1.8,750,833900
20240207,14:56:55,1.8,300,833900
20240207,14:57:29,1.8,100,833900
20240207,14:58:22,1.85,50,833900
20240207,14:59:31,1.85,50,834350
20240207,15:00:44,1.85,1700,834350
20240207,15:01:34,1.85,1800,834350
20240207,15:01:39,1.85,1300,834350
20240207,15:03:24,1.85,250,838800
20240207,15:03:35,1.85,250,838800
20240207,15:03:58,1.9,150,838800
20240207,15:04:21,1.9,500,838800
20240207,15:05:38,1.85,650,839950
20240207,15:06:34,1.85,500,839950
20240207,15:06:40,1.85,150,839950
20240207,15:07:04,1.85,450,839950
20240207,15:07:39,1.85,350,839950
20240207,15:08:06,1.85,300,839950
20240207,15:10:17,1.85,250,842350
20240207,15:11:35,1.85,1800,842600
20240207,15:11:39,1.85,3600,842600
20240207,15:11:44,1.85,950,842600
20240207,15:13:31,1.8,150,842600
20240207,15:14:18,1.85,350,842600
20240207,15:15:18,1.85,50,848950
20240207,15:15:42,1.9,1500,848950
20240207,15:15:48,1.8,1500,848950
20240207,15:16:38,1.8,1800,848950
20240207,15:17:08,1.85,100,848950
20240207,15:17:19,1.8,1800,848950
20240207,15:17:25,1.8,1800,849000
20240207,15:17:31,1.8,1800,849000
20240207,15:17:37,1.85,200,849000
20240207,15:17:51,1.9,1800,849000
20240207,15:19:01,1.85,250,849000
20240207,15:19:20,1.85,2050,849000
20240207,15:19:47,1.85,1800,849000
20240207,15:19:51,1.8,1800,849000
20240207,15:19:55,1.8,700,849000
20240207,15:20:11,1.8,1100,849000
20240207,15:20:26,1.8,1800,856350
20240207,15:20:31,1.8,1600,856350
20240207,15:20:36,1.8,1000,856350
20240207,15:20:41,1.8,700,856350
20240207,15:21:04,1.8,700,856350
20240207,15:21:24,1.85,250,856350
20240207,15:21:33,1.85,3300,856350
20240207,15:21:38,1.85,1550,856350
20240207,15:21:52,1.85,400,856350
20240207,15:22:01,1.9,3600,856350
20240207,15:22:07,1.9,1800,856350
20240207,15:22:13,1.8,100,856350
20240207,15:22:26,1.85,200,856350
20240207,15:22:31,1.9,450,856350
20240207,15:22:35,1.85,200,856350
20240207,15:22:39,1.9,1800,856350
20240207,15:23:06,1.85,1150,856350
20240207,15:23:16,1.85,1650,856350
20240207,15:23:20,1.85,200,856350
20240207,15:24:13,1.85,1800,859350
20240207,15:25:05,1.85,200,859350
20240207,15:25:10,1.85,1000,859350
20240207,15:25:16,1.85,900,859350
20240207,15:25:21,1.85,50,859350
20240207,15:25:26,1.85,300,859350
20240207,15:25:49,1.85,200,859350
20240207,15:25:56,1.85,50,859350
20240207,15:26:13,1.85,600,859350
20240207,15:27:56,1.85,250,859450
20240207,15:28:07,1.85,500,859450
20240207,15:28:31,1.85,400,859450
20240207,15:29:24,1.85,50,859450
20240207,15:29:32,1.85,450,859450
20240207,15:29:49,1.8,200,859700
20240207,15:30:02,1.85,150,859700
20240208,09:15:18,1.85,1,859650
20240208,09:15:18,1.75,450,859650
20240208,09:15:27,1.75,50,859650
20240208,09:15:44,1.8,1250,859650
20240208,09:16:14,1.65,150,859650
20240208,09:16:48,1.7,50,861400
20240208,09:17:19,1.7,50,861400
20240208,09:17:30,1.65,100,861400
20240208,09:17:39,1.55,1950,861400
20240208,09:18:00,1.55,100,861400
20240208,09:20:53,1.6,250,859450
20240208,09:21:39,1.6,750,859450
20240208,09:22:43,1.6,300,859450
20240208,09:24:03,1.45,450,859850
20240208,09:24:13,1.45,1100,859850
20240208,09:24:23,1.45,1900,859850
20240208,09:24:34,1.6,250,859850
20240208,09:24:45,1.5,1200,859850
20240208,09:25:07,1.5,1800,859850
20240208,09:25:29,1.55,3050,859850
20240208,09:25:38,1.6,400,859850
20240208,09:25:48,1.6,1400,863500
20240208,09:25:58,1.6,400,863500
20240208,09:26:09,1.6,800,863500
20240208,09:26:19,1.65,500,863500
20240208,09:26:29,1.6,1800,863500
20240208,09:26:40,1.55,200,863500
20240208,09:26:49,1.6,150,863500
20240208,09:27:57,1.6,650,863500
20240208,09:29:32,1.6,1650,859200
20240208,09:29:51,1.6,1400,859200
20240208,09:30:00,1.6,600,859200
20240208,09:30:20,1.55,2200,859200
20240208,09:30:48,1.55,1800,859200
20240208,09:32:58,1.55,1800,862450
20240208,09:33:18,1.6,50,862450
20240208,09:34:27,1.6,150,862450
20240208,09:35:14,1.6,150,864250
20240208,09:35:41,1.6,50,864250
20240208,09:35:50,1.55,50,864250
20240208,09:36:08,1.55,1800,864250
20240208,09:37:03,1.55,8950,864250
20240208,09:37:49,1.55,50,874900
20240208,09:38:39,1.55,1150,874900
20240208,09:39:19,1.55,4400,874900
20240208,09:39:30,1.55,1900,874900
20240208,09:39:41,1.55,1400,874900
20240208,09:40:00,1.55,250,874900
20240208,09:40:20,1.5,4750,874900
20240208,09:41:10,1.45,1250,885600
20240208,09:41:20,1.5,300,885600
20240208,09:41:30,1.45,1500,885600
20240208,09:41:49,1.5,350,885600
20240208,09:41:58,1.5,500,885600
20240208,09:42:29,1.45,50,885600
20240208,09:43:21,1.5,700,885600
20240208,09:43:59,1.55,300,886600
20240208,09:44:18,1.6,7000,886600
20240208,09:44:27,1.6,6350,886600
20240208,09:44:47,1.6,700,886600
20240208,09:45:23,1.55,50,886600
20240208,09:45:34,1.55,500,886600
20240208,09:45:44,1.55,900,886600
20240208,09:46:05,1.5,4550,886600
20240208,09:46:25,1.5,250,886600
20240208,09:46:47,1.5,300,886600
20240208,09:47:26,1.5,100,880850
20240208,09:47:36,1.5,250,880850
20240208,09:49:51,1.5,50,880850
20240208,09:50:58,1.5,50,880900
20240208,09:51:55,1.5,50,880900
20240208,09:52:33,1.45,50,880900
20240208,09:52:40,1.45,50,880900
20240208,09:52:48,1.5,100,880900
20240208,09:54:40,1.45,600,880950
20240208,09:54:55,1.5,32550,880950
20240208,09:55:03,1.45,18600,880950
20240208,09:55:28,1.5,28600,880950
20240208,09:55:36,1.5,10100,880950
20240208,09:55:44,1.5,400,880950
20240208,09:55:53,1.5,50,969700
20240208,09:57:03,1.45,1800,969700
20240208,09:57:12,1.45,1050,969700
20240208,09:58:14,1.45,550,969700
20240208,09:59:20,1.45,250,968100
20240208,09:59:29,1.45,200,968100
20240208,10:02:11,1.5,100,967650
20240208,10:02:52,1.5,50,967650
20240208,10:03:24,1.5,100,967650
20240208,10:03:44,1.4,250,967650
20240208,10:03:54,1.4,100,967650
20240208,10:07:59,1.5,3400,968150
20240208,10:09:11,1.5,1000,968150
20240208,10:09:22,1.55,2050,968150
20240208,10:10:21,1.5,1050,968150
20240208,10:11:23,1.5,350,971850
20240208,10:11:39,1.5,950,971850
20240208,10:11:48,1.5,1450,971850
20240208,10:13:08,1.5,1000,971850
20240208,10:13:25,1.5,250,971850
20240208,10:13:50,1.5,250,971850
20240208,10:13:59,1.5,250,974100
20240208,10:14:16,1.5,150,974100
20240208,10:14:25,1.55,4950,974100
20240208,10:14:34,1.6,3000,974100
20240208,10:14:43,1.6,2750,974100
20240208,10:14:59,1.6,350,974100
20240208,10:15:07,1.65,1500,974100
20240208,10:15:16,1.65,2750,974100
20240208,10:15:25,1.65,1350,974100
20240208,10:15:55,1.55,1900,974100
20240208,10:16:06,1.55,300,974100
20240208,10:16:15,1.55,100,974100
20240208,10:16:25,1.55,1500,974100
20240208,10:16:42,1.55,200,974100
20240208,10:16:51,1.5,150,974100
20240208,10:17:16,1.55,50,989350
20240208,10:17:24,1.55,550,989350
20240208,10:18:36,1.6,1500,989350
20240208,10:18:45,1.6,500,989350
20240208,10:18:54,1.6,50,989350
20240208,10:19:02,1.6,500,989350
20240208,10:19:36,1.6,100,989350
20240208,10:19:52,1.55,50,991450
20240208,10:20:20,1.55,550,991450
20240208,10:20:45,1.6,2000,991450
20240208,10:20:53,1.5,1500,991450
20240208,10:21:10,1.5,1000,991450
20240208,10:23:21,1.55,150,992250
20240208,10:25:05,1.6,950,992250
20240208,10:25:22,1.5,1500,992250
20240208,10:25:31,1.6,1000,992250
20240208,10:26:19,1.5,50,994350
20240208,10:31:05,1.5,1500,994350
20240208,10:31:13,1.5,100,994350
20240208,10:31:49,1.55,1250,994350
20240208,10:32:13,1.55,200,995500
20240208,10:32:30,1.5,50,995500
20240208,10:32:38,1.55,50,995500
20240208,10:33:12,1.45,950,995500
20240208,10:35:06,1.5,2050,994850
20240208,10:35:24,1.5,250,994850
20240208,10:35:51,1.5,350,994850
20240208,10:36:24,1.5,50,994850
20240208,10:36:49,1.5,300,994850
20240208,10:38:09,1.5,100,994850
20240208,10:39:55,1.45,600,994850
20240208,10:40:03,1.45,1500,994850
20240208,10:40:52,1.45,500,994850
20240208,10:42:05,1.45,2000,993650
20240208,10:42:15,1.45,2500,993650
20240208,10:42:43,1.45,2000,993650
20240208,10:45:16,1.4,1000,996800
20240208,10:46:45,1.45,5550,996800
20240208,10:46:54,1.4,5500,996800
20240208,10:47:19,1.45,1100,1006650
20240208,10:47:45,1.4,1500,1006650
20240208,10:48:29,1.4,50,1006650
20240208,10:49:01,1.45,6000,1006650
20240208,10:49:10,1.4,1600,1006650
20240208,10:49:18,1.45,1500,1006650
20240208,10:49:51,1.45,3000,1006650
20240208,10:50:00,1.45,5500,1007450
20240208,10:50:08,1.45,8000,1007450
20240208,10:50:16,1.4,900,1007450
20240208,10:50:24,1.45,600,1007450
20240208,10:50:33,1.45,2500,1007450
20240208,10:50:43,1.45,4500,1007450
20240208,10:51:09,1.45,250,1007450
20240208,10:51:52,1.45,250,1007450
20240208,10:52:55,1.45,250,1007450
20240208,10:53:26,1.5,24150,1026000
20240208,10:53:35,1.55,50,1026000
20240208,10:53:50,1.5,1800,1026000
20240208,10:53:57,1.45,200,1026000
20240208,10:54:05,1.45,300,1026000
20240208,10:55:19,1.55,50,1026000
20240208,10:56:39,1.55,50,1042400
20240208,10:57:07,1.45,700,1042400
20240208,10:57:39,1.5,1400,1042400
20240208,10:58:13,1.45,300,1042400
20240208,10:58:25,1.5,350,1042400
20240208,10:58:57,1.5,250,1042400
20240208,10:59:33,1.5,50,1042450
20240208,11:00:31,1.5,4200,1042450
20240208,11:01:23,1.5,50,1042450
20240208,11:01:33,1.5,10450,1042450
20240208,11:01:42,1.45,7050,1042450
20240208,11:02:01,1.45,2100,1042700
20240208,11:02:11,1.45,1500,1042700
20240208,11:02:31,1.45,1500,1042700
20240208,11:02:40,1.4,2000,1042700
20240208,11:02:50,1.4,1600,1042700
20240208,11:03:12,1.5,4850,1042700
20240208,11:03:23,1.5,6100,1042700
20240208,11:03:34,1.45,3200,1042700
20240208,11:03:43,1.45,4000,1042700
20240208,11:03:53,1.45,50,1042700
20240208,11:04:13,1.45,2000,1042700
20240208,11:04:22,1.4,2100,1042700
20240208,11:05:17,1.4,100,1051200
20240208,11:06:23,1.4,500,1051200
20240208,11:06:45,1.4,400,1051200
20240208,11:07:04,1.4,1500,1051200
20240208,11:07:15,1.4,100,1051200
20240208,11:07:25,1.4,2000,1051200
20240208,11:07:45,1.4,200,1051200
20240208,11:07:55,1.4,150,1051200
20240208,11:08:24,1.4,400,1054900
20240208,11:08:33,1.4,550,1054900
20240208,11:08:43,1.35,2450,1054900
20240208,11:08:53,1.35,5100,1054900
20240208,11:09:02,1.35,5500,1054900
20240208,11:09:11,1.3,1900,1054900
20240208,11:09:21,1.3,10900,1054900
20240208,11:09:30,1.3,5500,1054900
20240208,11:09:40,1.25,850,1054900
20240208,11:10:07,1.3,250,1054900
20240208,11:10:17,1.25,3400,1054900
20240208,11:10:26,1.3,450,1054900
20240208,11:10:36,1.35,50,1054900
20240208,11:10:45,1.3,150,1054900
20240208,11:10:54,1.35,1900,1054900
20240208,11:11:02,1.25,8300,1057600
20240208,11:11:19,1.3,29800,1057600
20240208,11:11:29,1.4,13050,1057600
20240208,11:11:39,1.4,3150,1057600
20240208,11:11:48,1.45,500,1057600
20240208,11:11:57,1.45,250,1057600
20240208,11:12:52,1.45,750,1057600
20240208,11:13:01,1.4,6000,1057600
20240208,11:13:10,1.45,11750,1057600
20240208,11:13:19,1.35,1100,1057600
20240208,11:14:10,1.45,50,1095150
20240208,11:14:19,1.35,2000,1095150
20240208,11:15:00,1.35,1800,1095150
20240208,11:15:25,1.35,100,1095150
20240208,11:15:43,1.4,100,1095150
20240208,11:16:52,1.4,3000,1095150
20240208,11:17:26,1.4,550,1094300
20240208,11:19:28,1.35,250,1094300
20240208,11:19:37,1.35,300,1094300
20240208,11:19:54,1.35,300,1094300
20240208,11:21:17,1.35,250,1093950
20240208,11:21:34,1.35,250,1093950
20240208,11:21:43,1.4,7200,1093950
20240208,11:21:51,1.35,1600,1093950
20240208,11:22:41,1.4,50,1093950
20240208,11:22:49,1.3,1450,1093950
20240208,11:22:57,1.35,50,1093950
20240208,11:23:13,1.35,100,1092400
20240208,11:24:39,1.35,10100,1092400
20240208,11:25:11,1.4,7150,1092400
20240208,11:25:19,1.4,9750,1092400
20240208,11:25:28,1.4,2000,1092400
20240208,11:25:37,1.45,12250,1092400
20240208,11:25:46,1.5,4100,1092400
20240208,11:25:55,1.5,50,1092400
20240208,11:26:03,1.5,250,1115900
20240208,11:26:12,1.6,13750,1115900
20240208,11:26:19,1.6,1300,1115900
20240208,11:26:28,1.6,1800,1115900
20240208,11:26:36,1.6,250,1115900
20240208,11:26:44,1.6,1400,1115900
20240208,11:26:53,1.6,50,1115900
20240208,11:27:01,1.6,1350,1115900
20240208,11:27:10,1.6,250,1115900
20240208,11:27:18,1.6,4200,1115900
20240208,11:27:28,1.65,1400,1115900
20240208,11:27:36,1.6,1100,1115900
20240208,11:27:45,1.6,650,1115900
20240208,11:27:55,1.6,4900,1115900
20240208,11:28:04,1.6,6000,1115900
20240208,11:28:14,1.6,1300,1115900
20240208,11:28:22,1.55,6200,1115900
20240208,11:28:30,1.55,3100,1115900
20240208,11:28:39,1.45,4150,1115900
20240208,11:28:48,1.5,350,1115900
20240208,11:29:07,1.45,100,1122800
20240208,11:29:16,1.5,1500,1122800
20240208,11:29:24,1.5,1800,1122800
20240208,11:29:40,1.55,900,1122800
20240208,11:30:38,1.5,350,1122800
20240208,11:30:47,1.5,3600,1122800
20240208,11:31:19,1.5,600,1122800
20240208,11:31:44,1.45,1450,1122800
20240208,11:32:32,1.5,300,1121000
20240208,11:32:49,1.45,550,1121000
20240208,11:33:21,1.5,100,1121000
20240208,11:35:36,1.45,3100,1120650
20240208,11:35:44,1.4,2700,1120650
20240208,11:35:52,1.4,2500,1120650
20240208,11:35:59,1.4,4700,1120650
20240208,11:36:07,1.35,750,1120650
20240208,11:36:14,1.35,550,1120650
20240208,11:36:22,1.3,3800,1120650
20240208,11:36:29,1.3,6200,1120650
20240208,11:36:37,1.3,6200,1120650
20240208,11:36:44,1.35,2400,1120650
20240208,11:36:51,1.4,4650,1120650
20240208,11:36:59,1.3,1000,1120650
20240208,11:37:07,1.3,5000,1120650
20240208,11:37:15,1.3,2100,1120650
20240208,11:37:22,1.3,1150,1120650
20240208,11:37:30,1.3,300,1120650
20240208,11:37:38,1.3,500,1120650
20240208,11:37:46,1.3,200,1120650
20240208,11:38:19,1.3,350,1138300
20240208,11:38:34,1.3,50,1138300
20240208,11:38:48,1.3,50,1138300
20240208,11:39:24,1.4,46700,1138300
20240208,11:39:31,1.4,1500,1138300
20240208,11:39:39,1.5,1800,1138300
20240208,11:39:48,1.45,3700,1138300
20240208,11:40:02,1.5,4350,1138300
20240208,11:40:39,1.45,100,1138300
20240208,11:41:54,1.5,50,1166500
20240208,11:42:15,1.45,1800,1166500
20240208,11:42:22,1.45,1000,1166500
20240208,11:42:44,1.5,550,1166500
20240208,11:42:51,1.55,2400,1166500
20240208,11:43:15,1.6,5200,1166500
20240208,11:44:00,1.6,1150,1166500
20240208,11:45:19,1.6,50,1166550
20240208,11:45:25,1.6,500,1166550
20240208,11:45:39,1.6,150,1166550
20240208,11:46:14,1.55,3000,1166550
20240208,11:46:21,1.55,2050,1166550
20240208,11:46:27,1.55,2550,1166550
20240208,11:46:34,1.55,100,1166550
20240208,11:47:02,1.55,150,1166550
20240208,11:48:24,1.45,21150,1169550
20240208,11:48:38,1.45,250,1169550
20240208,11:48:50,1.45,50,1169550
20240208,11:49:03,1.45,1000,1169550
20240208,11:49:58,1.45,50,1169550
20240208,11:50:12,1.45,1500,1184200
20240208,11:51:43,1.4,50,1184200
20240208,11:52:32,1.4,300,1184200
20240208,11:52:49,1.4,5400,1184200
20240208,11:53:05,1.45,250,1184200
20240208,11:53:12,1.4,2400,1191100
20240208,11:53:28,1.45,350,1191100
20240208,11:54:03,1.4,2000,1191100
20240208,11:54:12,1.45,50,1191100
20240208,11:56:05,1.45,50,1191100
20240208,11:56:12,1.4,150,1193250
20240208,11:56:50,1.4,150,1193250
20240208,11:56:56,1.4,2000,1193250
20240208,11:57:04,1.4,9500,1193250
20240208,11:57:12,1.4,3000,1193250
20240208,11:57:20,1.4,200,1193250
20240208,11:57:28,1.4,300,1193250
20240208,11:57:36,1.4,300,1193250
20240208,11:57:43,1.4,2450,1193250
20240208,11:57:51,1.4,300,1193250
20240208,11:59:03,1.45,150,1193250
20240208,11:59:21,1.4,700,1210850
20240208,11:59:29,1.35,9350,1210850
20240208,11:59:44,1.4,450,1210850
20240208,12:00:08,1.4,100,1210850
20240208,12:00:47,1.45,300,1210850
20240208,12:01:02,1.35,800,1210850
20240208,12:01:11,1.4,2200,1210850
20240208,12:01:19,1.35,500,1210850
20240208,12:01:28,1.4,100,1210850
20240208,12:02:27,1.35,100,1220050
20240208,12:02:36,1.4,50,1220050
20240208,12:02:45,1.45,150,1220050
20240208,12:03:19,1.35,250,1220050
20240208,12:03:44,1.35,250,1220050
20240208,12:03:52,1.35,150,1220050
20240208,12:04:00,1.35,2200,1220050
20240208,12:04:16,1.4,250,1220050
20240208,12:04:31,1.35,1300,1220050
20240208,12:04:47,1.35,7700,1220050
20240208,12:05:01,1.4,350,1220050
20240208,12:05:15,1.35,300,1231250
20240208,12:05:22,1.4,8200,1231250
20240208,12:05:30,1.4,6750,1231250
20240208,12:05:37,1.4,5100,1231250
20240208,12:05:52,1.4,250,1231250
20240208,12:06:14,1.4,250,1231250
20240208,12:06:21,1.4,3100,1231250
20240208,12:06:35,1.4,400,1231250
20240208,12:07:52,1.4,1400,1231250
20240208,12:07:58,1.4,1600,1231250
20240208,12:09:07,1.4,5400,1256450
20240208,12:09:20,1.45,100,1256450
20240208,12:09:32,1.45,100,1256450
20240208,12:12:15,1.45,100,1257200
20240208,12:12:48,1.4,400,1257200
20240208,12:12:56,1.4,200,1257200
20240208,12:14:49,1.45,200,1257300
20240208,12:15:26,1.45,100,1257300
20240208,12:16:01,1.4,100,1257300
20240208,12:16:27,1.4,5400,1257300
20240208,12:16:44,1.35,1600,1257300
20240208,12:17:46,1.4,150,1257600
20240208,12:18:48,1.4,1000,1257600
20240208,12:20:12,1.35,50,1257650
20240208,12:20:19,1.4,450,1257650
20240208,12:20:39,1.4,100,1257650
20240208,12:21:52,1.4,550,1257650
20240208,12:23:24,1.45,21200,1258650
20240208,12:23:30,1.4,23900,1258650
20240208,12:23:37,1.45,11900,1258650
20240208,12:23:45,1.45,21800,1258650
20240208,12:23:51,1.45,10900,1258650
20240208,12:23:57,1.45,2700,1258650
20240208,12:24:11,1.45,7600,1258650
20240208,12:24:17,1.45,1600,1258650
20240208,12:24:58,1.4,200,1258650
20240208,12:25:17,1.4,50,1258650
20240208,12:25:51,1.45,1900,1258650
20240208,12:25:57,1.45,700,1258650
20240208,12:26:10,1.45,1300,1258650
20240208,12:26:42,1.45,3400,1351400
20240208,12:28:39,1.4,1700,1351400
20240208,12:31:12,1.4,3500,1351400
20240208,12:31:18,1.4,6500,1351400
20240208,12:31:23,1.4,500,1351400
20240208,12:31:48,1.4,1400,1351400
20240208,12:31:54,1.35,4500,1351400
20240208,12:32:00,1.35,4600,1351400
20240208,12:32:07,1.3,1500,1351400
20240208,12:32:14,1.3,100,1351400
20240208,12:32:44,1.4,10900,1351000
20240208,12:32:56,1.45,100,1351000
20240208,12:33:02,1.45,550,1351000
20240208,12:33:13,1.4,1500,1351000
20240208,12:33:36,1.4,1800,1351000
20240208,12:33:49,1.4,3600,1351000
20240208,12:33:55,1.4,1800,1351000
20240208,12:34:07,1.4,2500,1351000
20240208,12:34:33,1.4,400,1351000
20240208,12:34:46,1.35,1800,1351000
20240208,12:34:52,1.35,1800,1351000
20240208,12:39:24,1.4,3800,1363750
20240208,12:39:32,1.4,3600,1363750
20240208,12:39:38,1.4,5400,1363750
20240208,12:39:44,1.4,3600,1363750
20240208,12:40:02,1.35,50,1363750
20240208,12:40:28,1.35,600,1363750
20240208,12:40:54,1.4,3550,1363750
20240208,12:41:01,1.4,3600,1363750
20240208,12:41:07,1.4,3600,1363750
20240208,12:41:13,1.4,1800,1363750
20240208,12:43:39,1.4,50,1389400
20240208,12:43:55,1.4,1500,1389400
20240208,12:45:48,1.45,100,1390900
20240208,12:46:50,1.4,3800,1390900
20240208,12:47:31,1.4,1000,1394300
20240208,12:47:37,1.4,200,1394300
20240208,12:48:20,1.4,3600,1394300
20240208,12:48:25,1.4,3600,1394300
20240208,12:48:30,1.4,3600,1394300
20240208,12:48:35,1.4,900,1394300
20240208,12:48:40,1.4,200,1394300
20240208,12:49:23,1.4,150,1394300
20240208,12:49:44,1.4,1850,1394300
20240208,12:50:39,1.4,500,1409100
20240208,12:51:12,1.4,1250,1409100
20240208,12:51:17,1.4,250,1409100
20240208,12:52:15,1.4,250,1409100
20240208,12:52:45,1.4,1350,1409100
20240208,12:52:52,1.4,450,1409100
20240208,12:53:29,1.4,50,1410900
20240208,12:54:05,1.45,50,1410900
20240208,12:54:32,1.45,50,1410900
20240208,12:54:55,1.45,200,1410900
20240208,12:55:10,1.4,50,1410900
20240208,12:56:03,1.4,250,1410900
20240208,12:56:18,1.45,100,1411450
20240208,12:56:28,1.4,100,1411450
20240208,12:56:33,1.4,50,1411450
20240208,12:56:37,1.4,50,1411450
20240208,12:59:05,1.4,3700,1411450
20240208,12:59:16,1.4,350,1411450
20240208,12:59:21,1.4,100,1415800
20240208,12:59:27,1.4,300,1415800
20240208,12:59:36,1.4,1200,1415800
20240208,13:00:20,1.4,850,1415800
20240208,13:00:56,1.4,50,1415800
20240208,13:01:35,1.4,300,1415800
20240208,13:01:46,1.4,1150,1415800
20240208,13:02:27,1.4,500,1418750
20240208,13:04:04,1.35,100,1418750
20240208,13:04:22,1.4,250,1418750
20240208,13:05:02,1.4,250,1418750
20240208,13:05:27,1.4,150,1419750
20240208,13:06:09,1.4,100,1419750
20240208,13:06:17,1.35,50,1419750
20240208,13:07:17,1.35,100,1419750
20240208,13:08:16,1.4,200,1419750
20240208,13:10:34,1.4,2500,1420200
20240208,13:11:45,1.4,150,1421150
20240208,13:13:14,1.35,50,1421150
20240208,13:13:24,1.4,450,1421150
20240208,13:13:44,1.4,150,1421150
20240208,13:13:48,1.4,200,1421150
20240208,13:14:08,1.4,1800,1421150
20240208,13:14:12,1.4,1800,1421150
20240208,13:14:21,1.4,1150,1424850
20240208,13:14:25,1.4,50,1424850
20240208,13:15:20,1.4,2850,1424850
20240208,13:15:45,1.4,1800,1424850
20240208,13:16:34,1.45,50,1424850
20240208,13:18:53,1.4,1500,1430650
20240208,13:18:57,1.4,400,1430650
20240208,13:19:22,1.4,50,1430650
20240208,13:19:47,1.45,2500,1430650
20240208,13:20:35,1.4,250,1433150
20240208,13:21:10,1.45,50,1433150
20240208,13:24:04,1.4,1800,1433450
20240208,13:24:07,1.4,1800,1433450
20240208,13:24:19,1.45,350,1433450
20240208,13:24:31,1.4,250,1433450
20240208,13:25:02,1.45,200,1433450
20240208,13:25:08,1.4,400,1433450
20240208,13:26:35,1.4,2450,1437550
20240208,13:26:39,1.4,300,1437550
20240208,13:26:54,1.4,150,1437550
20240208,13:29:02,1.4,500,1437550
20240208,13:29:55,1.45,5850,1438100
20240208,13:30:28,1.45,5000,1438100
20240208,13:30:50,1.4,8950,1438100
20240208,13:30:53,1.4,3150,1438100
20240208,13:30:58,1.4,1800,1438100
20240208,13:31:03,1.4,1800,1438100
20240208,13:31:07,1.4,750,1438100
20240208,13:31:48,1.4,3300,1438100
20240208,13:31:52,1.35,4300,1438100
20240208,13:32:06,1.4,2800,1438100
20240208,13:32:50,1.35,1500,1461050
20240208,13:33:00,1.4,2800,1461050
20240208,13:33:04,1.4,15700,1461050
20240208,13:33:10,1.4,200,1461050
20240208,13:33:15,1.4,100,1461050
20240208,13:33:27,1.4,250,1461050
20240208,13:34:30,1.45,2900,1461050
20240208,13:35:57,1.45,400,1478150
20240208,13:36:08,1.45,250,1478150
20240208,13:36:12,1.45,5450,1478150
20240208,13:36:16,1.4,1000,1478150
20240208,13:37:11,1.45,2800,1478150
20240208,13:37:47,1.4,250,1478150
20240208,13:37:50,1.4,100,1478150
20240208,13:38:52,1.4,500,1487300
20240208,13:38:56,1.4,200,1487300
20240208,13:39:31,1.45,300,1487300
20240208,13:39:39,1.4,250,1487300
20240208,13:39:44,1.4,100,1487300
20240208,13:40:02,1.45,3500,1487300
20240208,13:40:08,1.4,200,1487300
20240208,13:40:47,1.4,400,1487300
20240208,13:41:00,1.45,3850,1487300
20240208,13:41:05,1.45,2300,1487300
20240208,13:41:10,1.45,1800,1487300
20240208,13:41:13,1.45,1900,1487300
20240208,13:41:17,1.45,300,1487300
20240208,13:41:59,1.5,3700,1497900
20240208,13:42:07,1.4,700,1497900
20240208,13:42:32,1.45,3600,1497900
20240208,13:42:48,1.45,50,1497900
20240208,13:43:38,1.45,750,1497900
20240208,13:44:06,1.45,2300,1497900
20240208,13:45:52,1.4,100,1501250
20240208,13:45:57,1.45,2900,1501250
20240208,13:46:11,1.45,1050,1501250
20240208,13:47:15,1.4,1000,1501250
20240208,13:47:22,1.45,1800,1501250
20240208,13:47:58,1.4,1800,1506900
20240208,13:48:06,1.45,1800,1506900
20240208,13:48:10,1.45,200,1506900
20240208,13:48:49,1.45,200,1506900
20240208,13:49:57,1.4,500,1506900
20240208,13:50:24,1.45,3700,1506900
20240208,13:50:28,1.45,3700,1512700
20240208,13:51:19,1.4,8600,1512700
20240208,13:51:52,1.45,900,1512700
20240208,13:52:03,1.45,1800,1512700
20240208,13:52:44,1.4,900,1512700
20240208,13:52:52,1.4,50,1512700
20240208,13:54:12,1.4,150,1524150
20240208,13:54:56,1.4,2300,1524150
20240208,13:55:13,1.4,1150,1524150
20240208,13:55:19,1.4,3100,1524150
20240208,13:55:44,1.4,6650,1524150
20240208,13:56:26,1.4,100,1533850
20240208,13:56:37,1.45,100,1533850
20240208,13:57:45,1.45,450,1533850
20240208,13:57:57,1.45,50,1533850
20240208,13:58:19,1.4,4000,1533850
20240208,13:58:24,1.4,1000,1533850
20240208,13:58:28,1.4,100,1533850
20240208,13:58:32,1.4,800,1533850
20240208,13:58:37,1.4,450,1533850
20240208,13:58:41,1.4,700,1533850
20240208,13:58:45,1.35,550,1533850
20240208,13:58:49,1.35,450,1533850
20240208,13:58:52,1.35,300,1533850
20240208,13:58:56,1.35,350,1533850
20240208,13:59:01,1.35,300,1533850
20240208,13:59:06,1.35,200,1533850
20240208,13:59:10,1.35,250,1533850
20240208,13:59:19,1.35,100,1533850
20240208,13:59:37,1.4,200,1542850
20240208,13:59:58,1.4,50,1542850
20240208,14:00:39,1.45,50,1542850
20240208,14:00:51,1.45,1800,1542850
20240208,14:00:55,1.45,1900,1542850
20240208,14:00:58,1.45,1800,1542850
20240208,14:01:36,1.45,2900,1542850
20240208,14:01:39,1.45,4650,1542850
20240208,14:01:49,1.45,2900,1542850
20240208,14:01:52,1.45,3700,1542850
20240208,14:01:58,1.45,1800,1542850
20240208,14:02:18,1.45,3800,1542850
20240208,14:02:21,1.45,3700,1542850
20240208,14:02:23,1.45,3500,1542850
20240208,14:02:26,1.45,2050,1552950
20240208,14:02:41,1.45,3650,1552950
20240208,14:02:45,1.45,1800,1552950
20240208,14:02:49,1.45,3700,1552950
20240208,14:02:52,1.45,7100,1552950
20240208,14:02:55,1.45,1800,1552950
20240208,14:03:02,1.45,700,1552950
20240208,14:03:11,1.45,3700,1552950
20240208,14:03:15,1.45,500,1552950
20240208,14:03:21,1.45,100,1552950
20240208,14:04:39,1.45,50,1552950
20240208,14:05:04,1.45,50,1552950
20240208,14:05:12,1.45,750,1552950
20240208,14:05:42,1.45,3100,1564700
20240208,14:06:25,1.45,600,1564700
20240208,14:07:04,1.45,7050,1564700
20240208,14:07:11,1.45,800,1564700
20240208,14:07:18,1.45,1900,1564700
20240208,14:07:25,1.45,4350,1564700
20240208,14:07:58,1.5,2400,1564700
20240208,14:08:24,1.45,500,1564700
20240208,14:09:02,1.45,4800,1570500
20240208,14:09:08,1.45,9650,1570500
20240208,14:09:14,1.45,2350,1570500
20240208,14:09:21,1.5,1800,1570500
20240208,14:09:34,1.5,3600,1570500
20240208,14:10:18,1.5,4600,1570500
20240208,14:10:43,1.5,850,1570500
20240208,14:11:29,1.45,200,1582700
20240208,14:11:53,1.5,50,1582700
20240208,14:12:05,1.5,600,1582700
20240208,14:12:28,1.45,3800,1582700
20240208,14:12:36,1.45,100,1582700
20240208,14:12:42,1.5,2700,1582700
20240208,14:12:48,1.45,1750,1582700
20240208,14:12:54,1.5,650,1582700
20240208,14:13:01,1.5,2400,1582700
20240208,14:13:07,1.45,150,1582700
20240208,14:13:20,1.5,200,1582700
20240208,14:13:39,1.55,400,1582700
20240208,14:14:08,1.5,200,1582700
20240208,14:14:42,1.55,850,1588900
20240208,14:14:50,1.6,1900,1588900
20240208,14:15:25,1.55,900,1588900
20240208,14:15:33,1.55,150,1588900
20240208,14:15:42,1.65,5500,1588900
20240208,14:15:50,1.7,2600,1588900
20240208,14:15:58,1.7,1500,1588900
20240208,14:16:06,1.7,5900,1588900
20240208,14:16:14,1.75,50,1588900
20240208,14:16:30,1.65,1900,1588900
20240208,14:16:38,1.75,650,1588900
20240208,14:17:03,1.75,3600,1588900
20240208,14:17:10,1.75,300,1588900
20240208,14:17:19,1.7,600,1588900
20240208,14:17:35,1.65,100,1594700
20240208,14:17:43,1.7,150,1594700
20240208,14:18:00,1.65,200,1594700
20240208,14:18:08,1.65,200,1594700
20240208,14:18:15,1.65,200,1594700
20240208,14:18:23,1.6,500,1594700
20240208,14:18:38,1.6,2800,1594700
20240208,14:18:46,1.6,100,1594700
20240208,14:19:09,1.55,2450,1594700
20240208,14:20:18,1.6,1800,1594700
20240208,14:20:25,1.6,600,1594700
20240208,14:20:53,1.6,50,1597000
20240208,14:21:15,1.6,1800,1597000
20240208,14:21:35,1.6,100,1597000
20240208,14:21:42,1.6,200,1597000
20240208,14:22:32,1.65,50,1597000
20240208,14:23:13,1.6,900,1597000
20240208,14:24:30,1.65,50,1599100
20240208,14:25:03,1.55,5100,1599100
20240208,14:25:32,1.6,100,1599100
20240208,14:25:46,1.5,5100,1599100
20240208,14:25:52,1.55,1800,1599100
20240208,14:26:23,1.55,50,1599100
20240208,14:26:31,1.55,3500,1599100
20240208,14:26:50,1.5,600,1604450
20240208,14:27:08,1.45,50,1604450
20240208,14:27:16,1.5,2150,1604450
20240208,14:27:25,1.5,100,1604450
20240208,14:27:34,1.45,200,1604450
20240208,14:27:42,1.5,650,1604450
20240208,14:27:51,1.5,2050,1604450
20240208,14:27:59,1.5,1600,1604450
20240208,14:28:07,1.45,50,1604450
20240208,14:30:16,1.5,1050,1608300
20240208,14:30:24,1.5,5600,1608300
20240208,14:30:40,1.5,500,1608300
20240208,14:30:48,1.5,2200,1608300
20240208,14:30:55,1.5,500,1608300
20240208,14:31:04,1.5,350,1608300
20240208,14:31:20,1.5,350,1608300
20240208,14:31:29,1.5,1000,1608300
20240208,14:31:37,1.55,3300,1608300
20240208,14:31:46,1.5,4250,1608300
20240208,14:31:55,1.5,2000,1608300
20240208,14:32:12,1.5,500,1608300
20240208,14:32:21,1.5,2500,1608300
20240208,14:32:30,1.55,1800,1608300
20240208,14:32:38,1.5,500,1616450
20240208,14:32:46,1.5,250,1616450
20240208,14:33:16,1.5,200,1616450
20240208,14:33:32,1.55,3300,1616450
20240208,14:33:39,1.55,550,1616450
20240208,14:34:10,1.5,2500,1616450
20240208,14:34:32,1.5,2000,1616450
20240208,14:34:39,1.5,1050,1616450
20240208,14:34:47,1.45,5000,1616450
20240208,14:34:54,1.5,1800,1616450
20240208,14:35:24,1.5,550,1616450
20240208,14:35:32,1.5,500,1628700
20240208,14:35:40,1.5,1700,1628700
20240208,14:35:48,1.5,800,1628700
20240208,14:35:56,1.45,500,1628700
20240208,14:36:05,1.5,250,1628700
20240208,14:36:13,1.5,250,1628700
20240208,14:36:36,1.5,900,1628700
20240208,14:36:45,1.5,950,1628700
20240208,14:36:55,1.5,1050,1628700
20240208,14:37:15,1.5,300,1628700
20240208,14:37:32,1.5,3800,1628700
20240208,14:37:41,1.5,4250,1628700
20240208,14:37:49,1.5,9950,1628700
20240208,14:37:58,1.55,3700,1628700
20240208,14:38:07,1.55,350,1628700
20240208,14:38:16,1.55,150,1628700
20240208,14:38:24,1.55,1400,1628700
20240208,14:38:32,1.5,1300,1628700
20240208,14:38:41,1.5,11150,1635550
20240208,14:38:59,1.5,1000,1635550
20240208,14:39:09,1.5,50,1635550
20240208,14:39:35,1.5,4300,1635550
20240208,14:39:44,1.5,4900,1635550
20240208,14:39:52,1.5,5350,1635550
20240208,14:40:00,1.5,1100,1635550
20240208,14:40:09,1.5,450,1635550
20240208,14:40:34,1.5,700,1635550
20240208,14:40:50,1.45,300,1635550
20240208,14:40:58,1.5,1550,1635550
20240208,14:41:33,1.5,200,1635550
20240208,14:41:41,1.5,50,1654650
20240208,14:41:58,1.5,8650,1654650
20240208,14:42:06,1.5,500,1654650
20240208,14:42:14,1.55,1600,1654650
20240208,14:42:41,1.45,5000,1654650
20240208,14:43:14,1.5,8600,1654650
20240208,14:43:23,1.55,500,1654650
20240208,14:44:04,1.55,1000,1654650
20240208,14:44:21,1.5,2400,1654650
20240208,14:44:29,1.5,3000,1654650
20240208,14:46:10,1.5,700,1669650
20240208,14:46:18,1.5,800,1669650
20240208,14:46:33,1.55,700,1669650
20240208,14:46:41,1.55,100,1669650
20240208,14:46:48,1.5,1450,1669650
20240208,14:46:56,1.5,500,1669650
20240208,14:47:36,1.5,100,1669650
20240208,14:47:51,1.5,300,1671150
20240208,14:48:14,1.5,150,1671150
20240208,14:48:29,1.45,50,1671150
20240208,14:48:44,1.5,6600,1671150
20240208,14:48:51,1.5,1550,1671150
20240208,14:48:59,1.5,2000,1671150
20240208,14:49:06,1.5,2450,1671150
20240208,14:49:14,1.5,4800,1671150
20240208,14:49:21,1.5,2500,1671150
20240208,14:50:01,1.5,2950,1671150
20240208,14:50:17,1.5,250,1671150
20240208,14:50:40,1.55,950,1691100
20240208,14:50:55,1.5,650,1691100
20240208,14:51:18,1.5,100,1691100
20240208,14:51:26,1.5,1500,1691100
20240208,14:51:33,1.55,6100,1691100
20240208,14:51:41,1.55,1350,1691100
20240208,14:52:12,1.6,200,1691100
20240208,14:52:26,1.6,50,1691100
20240208,14:52:56,1.55,250,1691100
20240208,14:53:42,1.55,1250,1689850
20240208,14:54:03,1.5,2550,1689850
20240208,14:54:19,1.5,750,1689850
20240208,14:54:42,1.45,8500,1689850
20240208,14:54:49,1.5,300,1689850
20240208,14:55:10,1.5,9000,1689850
20240208,14:55:18,1.5,3400,1689850
20240208,14:55:59,1.5,450,1689850
20240208,14:56:56,1.5,1800,1706200
20240208,14:57:06,1.5,5750,1706200
20240208,14:57:22,1.5,1700,1706200
20240208,14:57:52,1.5,550,1706200
20240208,14:58:24,1.5,350,1706200
20240208,14:58:33,1.5,7350,1706200
20240208,14:58:42,1.5,4500,1706200
20240208,14:58:52,1.45,1800,1706200
20240208,14:59:03,1.45,8500,1706200
20240208,14:59:12,1.45,50,1706200
20240208,14:59:21,1.45,4200,1706200
20240208,14:59:29,1.4,3300,1706200
20240208,14:59:38,1.4,1850,1706200
20240208,14:59:46,1.4,600,1742450
20240208,15:00:04,1.45,950,1742450
20240208,15:00:14,1.4,22850,1742450
20240208,15:00:22,1.5,12300,1742450
20240208,15:00:31,1.55,2900,1742450
20240208,15:00:39,1.5,9000,1742450
20240208,15:00:48,1.5,12700,1742450
20240208,15:00:57,1.4,11200,1742450
20240208,15:01:08,1.4,21250,1742450
20240208,15:01:16,1.4,15600,1742450
20240208,15:01:25,1.4,6900,1742450
20240208,15:01:34,1.4,1600,1742450
20240208,15:01:43,1.4,9950,1742450
20240208,15:01:53,1.35,18400,1742450
20240208,15:02:03,1.3,44900,1742450
20240208,15:02:13,1.4,56350,1742450
20240208,15:02:22,1.45,25950,1742450
20240208,15:02:32,1.45,6250,1742450
20240208,15:02:42,1.45,1500,1904850
20240208,15:02:52,1.4,12050,1904850
20240208,15:03:01,1.5,5250,1904850
20240208,15:03:11,1.45,2500,1904850
20240208,15:03:21,1.4,1050,1904850
20240208,15:03:31,1.4,2450,1904850
20240208,15:03:50,1.45,1500,1904850
20240208,15:03:59,1.5,700,1904850
20240208,15:04:09,1.5,7400,1904850
20240208,15:04:18,1.5,1900,1904850
20240208,15:04:35,1.45,500,1904850
20240208,15:04:44,1.5,3700,1904850
20240208,15:04:53,1.5,4750,1904850
20240208,15:05:02,1.5,1050,1904850
20240208,15:05:40,1.5,50,1904850
20240208,15:05:48,1.45,250,1934050
20240208,15:05:57,1.45,1450,1934050
20240208,15:06:06,1.5,115150,1934050
20240208,15:06:24,1.5,6100,1934050
20240208,15:06:32,1.5,450,1934050
20240208,15:06:41,1.55,2000,1934050
20240208,15:06:49,1.5,2050,1934050
20240208,15:06:58,1.5,750,1934050
20240208,15:07:07,1.5,1000,1934050
20240208,15:07:17,1.55,3900,1934050
20240208,15:07:26,1.55,101000,1934050
20240208,15:07:34,1.55,4750,1934050
20240208,15:07:44,1.6,150,1934050
20240208,15:07:53,1.6,100,1934050
20240208,15:08:02,1.5,1000,1934050
20240208,15:08:10,1.5,5050,1934050
20240208,15:08:27,1.5,100000,1934050
20240208,15:08:36,1.5,100000,1934050
20240208,15:08:45,1.5,1900,2364900
20240208,15:09:02,1.5,2000,2364900
20240208,15:09:11,1.5,700,2364900
20240208,15:09:20,1.5,550,2364900
20240208,15:09:29,1.5,2600,2364900
20240208,15:09:39,1.5,500,2364900
20240208,15:09:48,1.5,200,2364900
20240208,15:10:06,1.5,1850,2364900
20240208,15:10:14,1.55,50,2364900
20240208,15:10:31,1.5,29500,2364900
20240208,15:10:49,1.5,550,2364900
20240208,15:11:15,1.5,5150,2364900
20240208,15:11:31,1.5,250,2364900
20240208,15:11:40,1.5,45400,2439450
20240208,15:11:48,1.45,14000,2439450
20240208,15:11:57,1.5,5200,2439450
20240208,15:12:05,1.5,15050,2439450
20240208,15:12:13,1.5,350,2439450
20240208,15:12:21,1.5,10800,2439450
20240208,15:12:53,1.5,300,2439450
20240208,15:13:01,1.55,900,2439450
20240208,15:13:10,1.55,1300,2439450
20240208,15:13:18,1.5,800,2439450
20240208,15:13:26,1.5,550,2439450
20240208,15:13:42,1.55,200,2439450
20240208,15:13:50,1.55,500,2439450
20240208,15:13:58,1.55,450,2439450
20240208,15:14:06,1.55,8500,2439450
20240208,15:14:15,1.55,700,2439450
20240208,15:14:23,1.55,100,2439450
20240208,15:14:32,1.55,950,2439450
20240208,15:14:40,1.6,1600,2439450
20240208,15:14:49,1.6,1000,2482700
20240208,15:14:57,1.6,5350,2482700
20240208,15:15:06,1.6,4900,2482700
20240208,15:15:15,1.65,1000,2482700
20240208,15:15:32,1.6,200,2482700
20240208,15:15:40,1.55,2700,2482700
20240208,15:15:48,1.6,50,2482700
20240208,15:15:57,1.5,1800,2482700
20240208,15:16:05,1.55,19400,2482700
20240208,15:16:13,1.6,2500,2482700
20240208,15:16:21,1.6,2150,2482700
20240208,15:16:29,1.55,900,2482700
20240208,15:16:37,1.6,50,2482700
20240208,15:16:45,1.55,4350,2482700
20240208,15:17:00,1.6,50,2482700
20240208,15:17:08,1.55,6350,2482700
20240208,15:17:16,1.6,50,2482700
20240208,15:17:23,1.55,2600,2482700
20240208,15:17:31,1.55,400,2482700
20240208,15:17:39,1.55,850,2482700
20240208,15:17:47,1.55,1700,2532450
20240208,15:17:55,1.55,2000,2532450
20240208,15:18:10,1.5,2050,2532450
20240208,15:18:18,1.55,5250,2532450
20240208,15:18:26,1.6,8900,2532450
20240208,15:18:49,1.6,200,2532450
20240208,15:18:56,1.6,4050,2532450
20240208,15:19:04,1.6,150,2532450
20240208,15:19:12,1.55,2450,2532450
20240208,15:19:20,1.55,1000,2532450
20240208,15:19:28,1.6,2550,2532450
20240208,15:19:36,1.6,1000,2532450
20240208,15:19:44,1.6,5300,2532450
20240208,15:19:52,1.6,3800,2532450
20240208,15:20:01,1.6,5600,2532450
20240208,15:20:10,1.55,2400,2532450
20240208,15:20:19,1.6,50,2532450
20240208,15:20:27,1.6,3450,2532450
20240208,15:20:35,1.6,4850,2532450
20240208,15:20:43,1.6,9600,2532450
20240208,15:20:51,1.55,5050,2575550
20240208,15:20:59,1.55,2700,2575550
20240208,15:21:07,1.55,500,2575550
20240208,15:21:15,1.55,100,2575550
20240208,15:21:31,1.5,5000,2575550
20240208,15:21:38,1.6,4100,2575550
20240208,15:21:47,1.55,7550,2575550
20240208,15:22:20,1.55,76050,2575550
20240208,15:22:28,1.55,1850,2575550
20240208,15:22:36,1.6,750,2575550
20240208,15:22:45,1.55,100,2575550
20240208,15:22:53,1.6,200,2575550
20240208,15:23:01,1.6,50,2575550
20240208,15:23:10,1.55,350,2575550
20240208,15:23:17,1.55,3800,2575550
20240208,15:23:25,1.6,4150,2575550
20240208,15:23:33,1.55,250,2575550
20240208,15:23:40,1.55,1950,2575550
20240208,15:23:47,1.6,1600,2683000
20240208,15:23:55,1.6,400,2683000
20240208,15:24:02,1.6,550,2683000
20240208,15:24:09,1.6,250,2683000
20240208,15:24:17,1.6,50,2683000
20240208,15:24:40,1.5,30800,2683000
20240208,15:24:47,1.45,9250,2683000
20240208,15:24:54,1.5,50,2683000
20240208,15:25:02,1.5,12600,2683000
20240208,15:25:11,1.55,1050,2683000
20240208,15:25:19,1.55,2000,2683000
20240208,15:25:28,1.6,1000,2683000
20240208,15:25:44,1.55,1000,2683000
20240208,15:25:51,1.6,3700,2683000
20240208,15:25:59,1.55,250,2683000
20240208,15:26:07,1.55,500,2683000
20240208,15:26:24,1.6,1750,2683000
20240208,15:26:33,1.55,850,2683000
20240208,15:26:41,1.6,100,2683000
20240208,15:26:57,1.55,50,2724250
20240208,15:27:06,1.6,20750,2724250
20240208,15:27:15,1.6,3900,2724250
20240208,15:27:24,1.55,3250,2724250
20240208,15:27:33,1.55,2000,2724250
20240208,15:27:42,1.55,1200,2724250
20240208,15:27:51,1.55,1150,2724250
20240208,15:28:01,1.55,3650,2724250
20240208,15:28:10,1.55,9800,2724250
20240208,15:28:19,1.55,4050,2724250
20240208,15:28:28,1.55,9700,2724250
20240208,15:28:37,1.6,200,2724250
20240208,15:28:46,1.55,1000,2724250
20240208,15:28:55,1.55,50,2724250
20240208,15:29:04,1.6,2100,2724250
20240208,15:29:12,1.6,17200,2724250
20240208,15:29:29,1.6,11450,2724250
20240208,15:29:39,1.6,3550,2724250
20240208,15:29:48,1.6,1150,2813800
20240208,15:29:57,1.6,300,2813800
20240208,15:30:03,1.65,700,2813800
20240209,09:15:01,1.6,1,2814100
20240209,09:15:01,1.6,150,2814100
20240209,09:15:02,1.55,100,2814100
20240209,09:15:03,1.45,1050,2814100
20240209,09:15:04,1.45,1650,2814100
20240209,09:15:05,1.55,850,2814100
20240209,09:15:06,1.6,2200,2814100
20240209,09:15:07,1.6,3050,2814100
20240209,09:15:08,1.55,3600,2814100
20240209,09:15:09,1.55,300,2814100
20240209,09:15:10,1.55,1000,2814100
20240209,09:15:11,1.5,1800,2814100
20240209,09:15:12,1.5,1800,2814100
20240209,09:15:13,1.5,2800,2814100
20240209,09:15:13,1.5,1800,2814100
20240209,09:15:15,1.55,5650,2814100
20240209,09:15:16,1.5,2000,2814100
20240209,09:15:17,1.5,2050,2814100
20240209,09:15:18,1.45,9900,2814100
20240209,09:15:19,1.45,4700,2814100
20240209,09:15:21,1.45,4400,2814100
20240209,09:15:22,1.45,100,2814100
20240209,09:15:23,1.45,1800,2814100
20240209,09:15:24,1.45,5300,2814100
20240209,09:15:25,1.45,5050,2814100
20240209,09:15:26,1.5,50,2814100
20240209,09:15:28,1.45,1800,2814100
20240209,09:15:30,1.45,3450,2814100
20240209,09:15:31,1.45,2000,2814100
20240209,09:15:33,1.4,250,2814100
20240209,09:15:35,1.4,350,2814100
20240209,09:15:36,1.45,50,2814100
20240209,09:15:40,1.4,250,2814100
20240209,09:15:41,1.45,1900,2814100
20240209,09:15:42,1.4,1050,2814100
20240209,09:15:43,1.4,250,2814100
20240209,09:15:44,1.45,50,2814100
20240209,09:15:45,1.4,1800,2814100
20240209,09:15:46,1.45,3000,2814100
20240209,09:15:46,1.45,50,2814100
20240209,09:15:47,1.45,1000,2814100
20240209,09:15:48,1.45,1000,2814100
20240209,09:15:49,1.4,300,2814100
20240209,09:15:53,1.4,1850,2814100
20240209,09:15:54,1.45,750,2814100
20240209,09:15:56,1.45,2000,2814100
20240209,09:15:58,1.4,3500,2814100
20240209,09:15:59,1.45,100,2814100
20240209,09:16:02,1.4,1800,2814100
20240209,09:16:03,1.4,4700,2814100
20240209,09:16:04,1.4,650,2814100
20240209,09:16:06,1.4,2100,2814100
20240209,09:16:08,1.4,1850,2814100
20240209,09:16:09,1.45,100,2814100
20240209,09:16:10,1.35,900,2814100
20240209,09:16:11,1.35,100,2814100
20240209,09:16:12,1.4,600,2814100
20240209,09:16:14,1.4,700,2814100
20240209,09:16:15,1.35,5400,2814100
20240209,09:16:16,1.4,550,2814100
20240209,09:16:19,1.35,250,2814100
20240209,09:16:23,1.4,50,2846700
20240209,09:16:25,1.4,50,2846700
20240209,09:16:28,1.4,500,2846700
20240209,09:16:30,1.35,500,2846700
20240209,09:16:32,1.4,500,2846700
20240209,09:16:36,1.35,1800,2846700
20240209,09:16:38,1.4,10000,2846700
20240209,09:16:39,1.4,5000,2846700
20240209,09:16:40,1.4,12450,2846700
20240209,09:16:43,1.45,500,2846700
20240209,09:16:45,1.45,500,2846700
20240209,09:16:48,1.4,900,2846700
20240209,09:16:49,1.5,8650,2846700
20240209,09:16:50,1.45,200,2846700
20240209,09:16:51,1.45,900,2846700
20240209,09:16:57,1.45,100,2846700
20240209,09:16:58,1.45,1500,2846700
20240209,09:16:59,1.5,950,2846700
20240209,09:17:00,1.45,300,2846700
20240209,09:17:04,1.5,50,2846700
20240209,09:17:05,1.5,450,2846700
20240209,09:17:07,1.45,50,2846700
20240209,09:17:08,1.5,9400,2846700
20240209,09:17:09,1.55,350,2846700
20240209,09:17:12,1.5,1800,2846700
20240209,09:17:13,1.5,1900,2846700
20240209,09:17:14,1.5,100,2846700
20240209,09:17:15,1.55,50,2846700
20240209,09:17:17,1.55,50,2846700
20240209,09:17:18,1.55,50,2846700
20240209,09:17:19,1.55,50,2846700
20240209,09:17:20,1.5,10300,2846700
20240209,09:17:21,1.5,1050,2846700
20240209,09:17:22,1.45,250,2846700
20240209,09:17:24,1.5,100,2846700
20240209,09:17:26,1.5,1200,2846700
20240209,09:17:28,1.5,50,2846700
20240209,09:17:30,1.5,100,2846700
20240209,09:17:31,1.5,3850,2846700
20240209,09:17:33,1.5,450,2846700
20240209,09:17:34,1.55,22900,2846700
20240209,09:17:35,1.55,100,2846700
20240209,09:17:36,1.55,500,2846700
20240209,09:17:39,1.55,8100,2846700
20240209,09:17:42,1.55,8250,2846700
20240209,09:17:43,1.55,50,2846700
20240209,09:17:44,1.6,50,2846700
20240209,09:17:46,1.6,50,2846700
20240209,09:17:47,1.6,1800,2846700
20240209,09:17:48,1.6,50,2846700
20240209,09:17:52,1.65,22450,2846700
20240209,09:17:53,1.65,4000,2846700
20240209,09:17:54,1.65,1850,2846700
20240209,09:17:55,1.65,750,2846700
20240209,09:17:56,1.65,1900,2846700
20240209,09:17:57,1.7,9700,2846700
20240209,09:17:58,1.65,2150,2846700
20240209,09:17:59,1.65,2000,2846700
20240209,09:18:01,1.6,1350,2846700
20240209,09:18:02,1.6,600,2846700
20240209,09:18:04,1.6,4100,2846700
20240209,09:18:05,1.6,100,2846700
20240209,09:18:06,1.6,50,2846700
20240209,09:18:07,1.6,300,2846700
20240209,09:18:08,1.6,50,2846700
20240209,09:18:10,1.6,300,2846700
20240209,09:18:12,1.55,3600,2846700
20240209,09:18:13,1.6,100,2846700
20240209,09:18:14,1.55,2150,2846700
20240209,09:18:16,1.55,8550,2846700
20240209,09:18:19,1.55,100,2846700
20240209,09:18:20,1.55,2000,2846700
20240209,09:18:21,1.5,250,2846700
20240209,09:18:22,1.55,5300,2846700
20240209,09:18:23,1.55,2150,2846700
20240209,09:18:24,1.55,8950,2846700
20240209,09:18:25,1.5,3850,2846700
20240209,09:18:26,1.55,1800,2846700
20240209,09:18:27,1.55,50,2846700
20240209,09:18:28,1.55,500,2846700
20240209,09:18:29,1.55,50,2846700
20240209,09:18:30,1.5,1900,2846700
20240209,09:18:32,1.55,50,2846700
20240209,09:18:34,1.5,2000,2846700
20240209,09:18:35,1.5,2050,2846700
20240209,09:18:38,1.45,850,2846700
20240209,09:18:39,1.5,50,2846700
20240209,09:18:40,1.5,50,2846700
20240209,09:18:41,1.5,100,2846700
20240209,09:18:43,1.5,50,2846700
20240209,09:18:44,1.45,4150,2846700
20240209,09:18:45,1.45,1850,2846700
20240209,09:18:46,1.45,400,2846700
20240209,09:18:48,1.4,950,2846700
20240209,09:18:49,1.4,5750,2846700
20240209,09:18:50,1.4,1900,2846700
20240209,09:18:51,1.35,1000,2846700
20240209,09:18:54,1.4,200,2846700
20240209,09:18:55,1.35,250,2846700
20240209,09:18:57,1.4,50,2846700
20240209,09:19:00,1.35,50,2846700
20240209,09:19:02,1.4,50,2846700
20240209,09:19:05,1.4,1150,2846700
20240209,09:19:07,1.4,450,2846700
20240209,09:19:08,1.4,100,2846700
20240209,09:19:09,1.35,250,2846700
20240209,09:19:10,1.4,2850,2846700
20240209,09:19:11,1.4,1400,2846700
20240209,09:19:12,1.4,1800,2846700
20240209,09:19:13,1.4,1800,2846700
20240209,09:19:14,1.4,10300,2846700
20240209,09:19:15,1.4,1000,2846700
20240209,09:19:17,1.4,1800,2846700
20240209,09:19:19,1.4,1000,2909950
20240209,09:19:20,1.4,500,2909950
20240209,09:19:21,1.45,100,2909950
20240209,09:19:22,1.4,1000,2909950
20240209,09:19:23,1.4,1000,2909950
20240209,09:19:25,1.4,1050,2909950
20240209,09:19:26,1.45,100,2909950
20240209,09:19:34,1.45,50,2909950
20240209,09:19:35,1.4,8600,2909950
20240209,09:19:37,1.4,10350,2909950
20240209,09:19:39,1.35,1100,2909950
20240209,09:19:40,1.4,100,2909950
20240209,09:19:44,1.4,1900,2909950
20240209,09:19:45,1.4,2950,2909950
20240209,09:19:46,1.4,550,2909950
20240209,09:19:48,1.45,209950,2909950
20240209,09:19:49,1.45,50,2909950
20240209,09:19:50,1.4,500,2909950
20240209,09:19:51,1.4,1850,2909950
20240209,09:19:54,1.45,100,2909950
20240209,09:19:55,1.4,100,2909950
20240209,09:19:56,1.4,6250,2909950
20240209,09:19:58,1.4,100,2909950
20240209,09:19:59,1.4,200700,2909950
20240209,09:20:03,1.4,50,2909950
20240209,09:20:06,1.35,50,2909950
20240209,09:20:07,1.4,600,2909950
20240209,09:20:10,1.4,50,2909950
20240209,09:20:12,1.4,50,2909950
20240209,09:20:15,1.35,2450,2909950
20240209,09:20:16,1.35,100,2909950
20240209,09:20:19,1.35,150,2909950
20240209,09:20:21,1.35,50,2909950
20240209,09:20:24,1.35,700,2909950
20240209,09:20:25,1.35,450,2909950
20240209,09:20:27,1.4,2500,2909950
20240209,09:20:29,1.35,300,2909950
20240209,09:20:33,1.4,50,2909950
20240209,09:20:34,1.4,50,2909950
20240209,09:20:42,1.4,5100,2909950
20240209,09:20:44,1.4,1200,2909950
20240209,09:20:45,1.4,550,2909950
20240209,09:20:46,1.4,2400,2909950
20240209,09:20:47,1.35,550,2909950
20240209,09:20:49,1.35,1450,2909950
20240209,09:20:50,1.35,3000,2909950
20240209,09:20:50,1.35,2000,2909950
20240209,09:20:52,1.35,4500,2909950
20240209,09:20:53,1.35,3000,2909950
20240209,09:20:53,1.35,500,2909950
20240209,09:20:55,1.35,2150,2909950
20240209,09:20:56,1.35,50,2909950
20240209,09:20:57,1.35,500,2909950
20240209,09:20:59,1.35,3000,2909950
20240209,09:20:59,1.35,1000,2909950
20240209,09:21:00,1.35,6900,2909950
20240209,09:21:02,1.4,1850,2909950
20240209,09:21:03,1.35,1800,2909950
20240209,09:21:04,1.35,1900,2909950
20240209,09:21:05,1.35,3600,2909950
20240209,09:21:06,1.4,2100,2909950
20240209,09:21:07,1.35,1800,2909950
20240209,09:21:10,1.35,650,2909950
20240209,09:21:11,1.35,100,2909950
20240209,09:21:13,1.35,100,2909950
20240209,09:21:18,1.35,50,2909950
20240209,09:21:21,1.35,1850,2909950
20240209,09:21:25,1.35,650,2909950
20240209,09:21:26,1.3,1100,2909950
20240209,09:21:27,1.35,450,2909950
20240209,09:21:29,1.35,750,2909950
20240209,09:21:31,1.35,750,2909950
20240209,09:21:32,1.35,700,2909950
20240209,09:21:33,1.35,250,2909950
20240209,09:21:34,1.35,750,2909950
20240209,09:21:36,1.4,17100,2909950
20240209,09:21:38,1.4,1200,2909950
20240209,09:21:40,1.4,250,2909950
20240209,09:21:42,1.35,1050,2909950
20240209,09:21:43,1.4,100,2909950
20240209,09:21:44,1.4,150,2909950
20240209,09:21:45,1.4,1400,2909950
20240209,09:21:47,1.35,700,2909950
20240209,09:21:49,1.4,800,2909950
20240209,09:21:50,1.4,1800,2909950
20240209,09:21:51,1.4,2000,2909950
20240209,09:21:52,1.4,2600,2909950
20240209,09:21:53,1.4,1850,2909950
20240209,09:21:54,1.4,6150,2909950
20240209,09:21:55,1.4,1800,2909950
20240209,09:21:56,1.4,1050,2909950
20240209,09:21:57,1.4,200,2909950
20240209,09:21:59,1.4,1050,2909950
20240209,09:22:00,1.4,2000,2909950
20240209,09:22:01,1.4,5400,2909950
20240209,09:22:02,1.4,17300,2909950
20240209,09:22:04,1.45,50,2909950
20240209,09:22:06,1.45,50,2909950
20240209,09:22:07,1.45,2200,2909950
20240209,09:22:08,1.4,1000,2909950
20240209,09:22:11,1.45,50,2909950
20240209,09:22:18,1.45,50,2569100
20240209,09:22:23,1.45,50,2569100
20240209,09:22:24,1.4,1550,2569100
20240209,09:22:25,1.4,11950,2569100
20240209,09:22:26,1.4,9700,2569100
20240209,09:22:27,1.35,100,2569100
20240209,09:22:28,1.4,1650,2569100
20240209,09:22:34,1.4,150,2569100
20240209,09:22:36,1.35,300,2569100
20240209,09:22:39,1.4,100,2569100
20240209,09:22:41,1.35,150,2569100
20240209,09:22:46,1.35,1800,2569100
20240209,09:22:47,1.4,50,2569100
20240209,09:22:48,1.35,1800,2569100
20240209,09:22:49,1.35,1800,2569100
20240209,09:22:53,1.35,2150,2569100
20240209,09:22:57,1.35,50,2569100
20240209,09:22:58,1.35,50,2569100
20240209,09:22:59,1.3,150,2569100
20240209,09:23:05,1.35,100,2569100
20240209,09:23:07,1.35,500,2569100
20240209,09:23:09,1.35,300,2569100
20240209,09:23:11,1.35,100,2569100
20240209,09:23:15,1.35,50,2569100
20240209,09:23:17,1.35,250,2569100
20240209,09:23:18,1.35,2050,2569100
20240209,09:23:19,1.35,15100,2569100
20240209,09:23:20,1.4,3650,2569100
20240209,09:23:21,1.35,3800,2569100
20240209,09:23:22,1.35,50,2569100
20240209,09:23:26,1.35,50,2569100
20240209,09:23:27,1.35,2550,2569100
20240209,09:23:28,1.35,50,2569100
20240209,09:23:30,1.3,1800,2569100
20240209,09:23:33,1.3,650,2569100
20240209,09:23:34,1.35,50,2569100
20240209,09:23:35,1.35,50,2569100
20240209,09:23:42,1.35,100,2569100
20240209,09:23:43,1.35,50,2569100
20240209,09:23:49,1.35,50,2569100
20240209,09:23:52,1.35,50,2569100
20240209,09:23:53,1.35,1800,2569100
20240209,09:23:56,1.3,50,2569100
20240209,09:24:01,1.3,550,2569100
20240209,09:24:02,1.3,150,2569100
20240209,09:24:04,1.35,50,2569100
20240209,09:24:06,1.3,800,2569100
20240209,09:24:07,1.35,300,2569100
20240209,09:24:08,1.35,50,2569100
20240209,09:24:14,1.35,50,2569100
20240209,09:24:16,1.35,1800,2569100
20240209,09:24:16,1.35,3500,2569100
20240209,09:24:18,1.35,100,2569100
20240209,09:24:19,1.3,100,2569100
20240209,09:24:21,1.35,100,2569100
20240209,09:24:33,1.35,100,2569100
20240209,09:24:42,1.35,50,2569100
20240209,09:24:47,1.3,100,2569100
20240209,09:24:52,1.35,50,2569100
20240209,09:24:57,1.35,250,2569100
20240209,09:25:03,1.35,400,2569100
20240209,09:25:04,1.35,700,2569100
20240209,09:25:05,1.35,150,2569100
20240209,09:25:09,1.35,750,2569100
20240209,09:25:15,1.3,500,2569100
20240209,09:25:19,1.35,50,2569100
20240209,09:25:20,1.3,1800,2585100
20240209,09:25:20,1.3,8200,2585100
20240209,09:25:25,1.3,100,2585100
20240209,09:25:27,1.35,50,2585100
20240209,09:25:29,1.35,700,2585100
20240209,09:25:35,1.35,300,2585100
20240209,09:25:35,1.35,200,2585100
20240209,09:25:41,1.3,300,2585100
20240209,09:25:42,1.3,7200,2585100
20240209,09:25:42,1.3,2800,2585100
20240209,09:25:44,1.3,5650,2585100
20240209,09:25:46,1.3,11250,2585100
20240209,09:25:48,1.3,1050,2585100
20240209,09:25:52,1.25,250,2585100
20240209,09:25:57,1.25,200,2585100
20240209,09:25:59,1.25,50,2585100
20240209,09:26:01,1.3,350,2585100
20240209,09:26:03,1.3,150,2585100
20240209,09:26:04,1.3,50,2585100
20240209,09:26:08,1.3,150,2585100
20240209,09:26:10,1.25,50,2585100
20240209,09:26:14,1.3,50,2585100
20240209,09:26:16,1.3,50,2585100
20240209,09:26:20,1.3,50,2585100
20240209,09:26:22,1.25,1500,2585100
20240209,09:26:25,1.25,1450,2585100
20240209,09:26:31,1.3,50,2585100
20240209,09:26:34,1.3,50,2585100
20240209,09:26:35,1.25,50,2585100
20240209,09:26:36,1.25,50,2585100
20240209,09:26:37,1.3,3150,2585100
20240209,09:26:39,1.3,1800,2585100
20240209,09:26:48,1.3,2050,2585100
20240209,09:26:53,1.3,1200,2585100
20240209,09:26:55,1.3,50,2585100
20240209,09:27:02,1.3,50,2585100
20240209,09:27:04,1.25,50,2585100
20240209,09:27:04,1.25,200,2585100
20240209,09:27:08,1.3,50,2585100
20240209,09:27:26,1.35,44850,2585100
20240209,09:27:27,1.3,2700,2585100
20240209,09:27:29,1.3,100,2585100
20240209,09:27:32,1.35,950,2585100
20240209,09:27:33,1.35,2750,2585100
20240209,09:27:34,1.35,1700,2585100
20240209,09:27:35,1.35,50,2585100
20240209,09:27:36,1.35,4800,2585100
20240209,09:27:37,1.35,2300,2585100
20240209,09:27:38,1.35,10100,2585100
20240209,09:27:39,1.35,1850,2585100
20240209,09:27:42,1.35,350,2585100
20240209,09:27:43,1.35,2150,2585100
20240209,09:27:46,1.35,300,2585100
20240209,09:27:53,1.35,1750,2585100
20240209,09:27:55,1.35,1800,2585100
20240209,09:27:58,1.4,50,2585100
20240209,09:28:03,1.4,3050,2585100
20240209,09:28:04,1.4,16450,2585100
20240209,09:28:05,1.35,5000,2585100
20240209,09:28:06,1.45,1100,2585100
20240209,09:28:09,1.4,50,2585100
20240209,09:28:10,1.4,8250,2585100
20240209,09:28:11,1.4,5700,2585100
20240209,09:28:12,1.35,500,2585100
20240209,09:28:14,1.4,1950,2585100
20240209,09:28:17,1.35,3700,2585100
20240209,09:28:18,1.4,1800,2585100
20240209,09:28:22,1.45,16400,2612400
20240209,09:28:23,1.4,21250,2612400
20240209,09:28:24,1.4,9200,2612400
20240209,09:28:25,1.4,550,2612400
