date,time,tick_price,volume,open_interest
20231228,09:17:50,1120.0,50,50
20231228,09:19:38,1120.0,50,50
20231228,09:23:19,1100.0,500,100
20231228,09:24:27,1100.0,150,600
20231228,09:25:30,1098.0,50,600
20231228,09:26:06,1098.0,50,600
20231228,09:26:15,1099.25,300,600
20231228,09:27:56,1091.25,450,900
20231228,09:28:08,1104.65,100,900
20231228,09:28:28,1106.7,50,900
20231228,09:28:37,1102.55,100,900
20231228,09:28:46,1100.0,600,900
20231228,09:28:55,1107.45,50,900
20231228,09:29:04,1108.8,50,900
20231228,09:29:13,1111.0,200,900
20231228,09:29:23,1111.3,150,900
20231228,09:29:41,1113.1,200,900
20231228,09:29:51,1110.8,100,900
20231228,09:30:09,1110.25,100,2800
20231228,09:30:28,1105.35,300,2800
20231228,09:30:47,1104.0,400,2800
20231228,09:31:15,1105.0,50,2800
20231228,09:35:32,1106.25,250,3500
20231228,09:35:41,1113.7,50,3500
20231228,09:35:51,1107.65,100,3500
20231228,09:36:10,1115.0,50,3650
20231228,09:36:28,1112.45,50,3650
20231228,09:37:23,1118.0,50,3650
20231228,09:38:26,1110.55,500,3650
20231228,09:39:02,1116.0,150,3850
20231228,09:39:11,1120.35,50,3850
20231228,09:39:20,1120.35,100,3850
20231228,09:39:58,1110.0,600,3850
20231228,09:40:16,1110.0,500,3850
20231228,09:40:24,1113.0,150,3850
20231228,09:40:43,1110.1,250,3850
20231228,09:42:13,1120.05,450,5400
20231228,09:42:21,1120.3,50,5400
20231228,09:42:48,1109.6,250,5400
20231228,09:42:58,1109.45,100,5400
20231228,09:43:08,1103.05,100,5400
20231228,09:43:20,1100.0,450,5400
20231228,09:43:50,1103.0,50,5400
20231228,09:44:09,1108.7,50,5400
20231228,09:44:27,1103.0,50,5400
20231228,09:44:45,1109.4,50,5400
20231228,09:45:13,1107.9,50,6750
20231228,09:45:15,1108.15,50,6750
20231228,09:45:16,1105.0,100,6750
20231228,09:45:18,1106.0,100,6750
20231228,09:45:22,1106.0,100,6750
20231228,09:45:34,1108.7,50,6750
20231228,09:45:36,1105.0,500,6750
20231228,09:45:56,1107.9,50,6750
20231228,09:46:03,1105.0,50,6750
20231228,09:46:16,1107.25,50,6750
20231228,09:47:48,1093.25,750,6750
20231228,09:47:49,1091.05,100,6750
20231228,09:48:07,1091.05,200,8450
20231228,09:48:23,1091.05,50,8450
20231228,09:49:19,1094.2,100,8450
20231228,09:49:28,1093.5,150,8450
20231228,09:49:37,1094.0,1850,8450
20231228,09:49:46,1094.0,50,8450
20231228,09:49:56,1089.95,100,8450
20231228,09:50:05,1089.75,1100,8450
20231228,09:50:14,1089.75,150,8450
20231228,09:50:24,1097.5,1100,8450
20231228,09:50:33,1095.0,100,8450
20231228,09:50:42,1096.55,150,8450
20231228,09:51:10,1086.2,400,12900
20231228,09:51:27,1086.2,100,12900
20231228,09:51:30,1096.05,50,12900
20231228,09:51:31,1096.55,50,12900
20231228,09:51:33,1096.3,150,12900
20231228,09:51:35,1090.2,50,12900
20231228,09:51:36,1095.7,50,12900
20231228,09:51:38,1090.2,100,12900
20231228,09:51:39,1096.75,100,12900
20231228,09:51:40,1090.95,50,12900
20231228,09:51:41,1090.95,50,12900
20231228,09:51:42,1096.7,50,12900
20231228,09:51:43,1097.0,50,12900
20231228,09:51:49,1100.0,150,12900
20231228,09:51:50,1100.0,300,12900
20231228,09:52:02,1093.7,100,12900
20231228,09:52:03,1098.9,100,12900
20231228,09:52:08,1094.85,50,12900
20231228,09:52:10,1099.55,50,12900
20231228,09:52:11,1094.85,50,12900
20231228,09:52:12,1099.8,50,12900
20231228,09:52:23,1104.55,50,12900
20231228,09:52:24,1098.3,100,12900
20231228,09:52:26,1098.3,150,12900
20231228,09:52:27,1098.3,100,12900
20231228,09:52:36,1096.55,700,12900
20231228,09:52:37,1096.5,500,12900
20231228,09:52:41,1094.25,450,12900
20231228,09:53:02,1092.85,50,12900
20231228,09:53:17,1098.0,250,12900
20231228,09:53:24,1099.0,150,12900
20231228,09:54:01,1098.0,50,12900
20231228,09:54:04,1100.0,50,16750
20231228,09:54:18,1100.6,50,16750
20231228,09:54:27,1102.0,50,16750
20231228,09:54:36,1102.0,100,16750
20231228,09:54:45,1102.0,200,16750
20231228,09:55:02,1102.0,100,16750
20231228,09:55:11,1102.0,50,16750
20231228,09:55:38,1102.0,100,16750
20231228,09:56:39,1105.25,100,16750
20231228,09:57:07,1104.4,250,17150
20231228,09:57:16,1107.2,50,17150
20231228,09:58:28,1112.0,300,17150
20231228,09:58:37,1112.0,400,17150
20231228,09:58:54,1107.6,500,17150
20231228,09:59:03,1110.0,150,17150
20231228,09:59:14,1105.4,100,17150
20231228,09:59:19,1110.95,100,17150
20231228,09:59:20,1107.0,150,17150
20231228,09:59:32,1109.0,300,17150
20231228,09:59:34,1108.9,50,17150
20231228,09:59:35,1109.35,50,17150
20231228,09:59:36,1109.45,50,17150
20231228,09:59:39,1109.9,50,17150
20231228,09:59:41,1103.25,50,17150
20231228,09:59:45,1109.3,150,17150
20231228,09:59:46,1109.25,50,17150
20231228,10:01:27,1113.7,50,19300
20231228,10:02:02,1115.0,450,19300
20231228,10:02:11,1114.0,600,19300
20231228,10:02:38,1111.75,250,19300
20231228,10:02:47,1118.95,150,19300
20231228,10:03:04,1120.2,150,19300
20231228,10:03:23,1130.0,350,20800
20231228,10:04:07,1135.4,200,20800
20231228,10:04:16,1135.4,50,20800
20231228,10:04:45,1139.0,100,20800
20231228,10:04:55,1133.8,50,20800
20231228,10:05:05,1150.9,100,20800
20231228,10:05:53,1150.9,100,20800
20231228,10:07:02,1163.0,150,21200
20231228,10:07:13,1165.2,50,21200
20231228,10:07:23,1168.2,250,21200
20231228,10:07:44,1168.2,100,21200
20231228,10:07:54,1159.1,50,21200
20231228,10:08:04,1156.9,50,21200
20231228,10:08:15,1148.55,300,21200
20231228,10:09:05,1148.65,100,21200
20231228,10:10:01,1138.5,250,21800
20231228,10:10:33,1129.05,150,21800
20231228,10:10:44,1133.25,350,21800
20231228,10:10:54,1133.05,100,21800
20231228,10:11:04,1129.95,100,21800
20231228,10:11:14,1149.2,150,21800
20231228,10:11:25,1146.15,50,21800
20231228,10:12:04,1163.7,50,21800
20231228,10:12:33,1159.0,300,22300
20231228,10:12:42,1156.55,50,22300
20231228,10:12:51,1159.0,150,22300
20231228,10:13:19,1163.55,150,22300
20231228,10:13:46,1163.1,50,22300
20231228,10:13:55,1164.25,50,22300
20231228,10:14:14,1151.05,100,22300
20231228,10:14:15,1155.0,50,22300
20231228,10:14:18,1156.65,50,22300
20231228,10:14:37,1158.15,50,22300
20231228,10:14:55,1155.55,50,22300
20231228,10:15:00,1152.6,50,22300
20231228,10:15:03,1153.75,50,22300
20231228,10:15:25,1153.35,250,22850
20231228,10:15:50,1154.95,100,22850
20231228,10:15:56,1155.55,50,22850
20231228,10:16:44,1147.2,50,22850
20231228,10:16:47,1148.3,50,22850
20231228,10:17:15,1141.15,50,22850
20231228,10:17:27,1144.65,300,22850
20231228,10:17:28,1144.6,50,22850
20231228,10:17:58,1147.1,50,22850
20231228,10:18:05,1142.25,200,22850
20231228,10:18:06,1143.15,100,22850
20231228,10:18:10,1137.2,150,23600
20231228,10:18:11,1138.9,50,23600
20231228,10:18:19,1142.7,50,23600
20231228,10:19:14,1144.8,50,23600
20231228,10:19:42,1142.5,50,23600
20231228,10:20:18,1146.55,100,23600
20231228,10:20:27,1140.0,150,23600
20231228,10:20:37,1142.55,50,23600
20231228,10:20:56,1147.75,50,23600
20231228,10:21:05,1152.6,50,23600
20231228,10:21:43,1153.75,50,24150
20231228,10:21:52,1158.85,150,24150
20231228,10:22:01,1158.3,50,24150
20231228,10:22:11,1157.0,50,24150
20231228,10:22:47,1152.6,650,24150
20231228,10:23:34,1144.0,150,24150
20231228,10:23:43,1143.0,150,24150
20231228,10:24:02,1137.65,100,24150
20231228,10:24:35,1144.75,50,24850
20231228,10:24:59,1143.9,100,24850
20231228,10:25:00,1144.0,200,24850
20231228,10:25:14,1137.55,50,24850
20231228,10:25:31,1138.35,50,24850
20231228,10:25:33,1135.0,50,24850
20231228,10:25:38,1135.45,50,24850
20231228,10:25:45,1138.1,300,24850
20231228,10:25:48,1139.2,300,24850
20231228,10:25:53,1141.15,300,24850
20231228,10:26:00,1148.7,50,24850
20231228,10:26:01,1141.3,300,24850
20231228,10:26:10,1136.95,50,24850
20231228,10:26:32,1148.65,100,24850
20231228,10:27:00,1144.0,100,24850
20231228,10:27:26,1147.6,150,25800
20231228,10:27:27,1146.6,50,25800
20231228,10:27:29,1144.85,50,25800
20231228,10:27:32,1144.95,50,25800
20231228,10:27:51,1143.0,50,25800
20231228,10:27:52,1143.0,50,25800
20231228,10:27:56,1143.0,50,25800
20231228,10:27:56,1143.0,150,25800
20231228,10:28:46,1132.1,150,25800
20231228,10:28:47,1138.8,100,25800
20231228,10:29:18,1141.95,50,25800
20231228,10:29:19,1142.0,300,25800
20231228,10:29:39,1141.9,150,25800
20231228,10:30:20,1125.6,150,26650
20231228,10:30:24,1120.7,50,26650
20231228,10:30:26,1120.25,50,26650
20231228,10:30:30,1128.45,50,26650
20231228,10:30:32,1129.6,50,26650
20231228,10:30:55,1134.0,50,26650
20231228,10:30:58,1134.95,50,26650
20231228,10:31:50,1132.25,150,26650
20231228,10:32:00,1130.25,1000,26650
20231228,10:32:37,1140.5,150,26650
20231228,10:33:06,1141.1,100,26650
20231228,10:33:16,1142.05,500,27200
20231228,10:34:10,1134.25,550,27200
20231228,10:34:19,1140.0,300,27200
20231228,10:35:04,1135.0,50,27200
20231228,10:35:26,1139.0,50,27200
20231228,10:35:38,1138.0,100,27200
20231228,10:35:46,1142.55,50,27200
20231228,10:35:49,1142.6,50,27200
20231228,10:35:52,1143.65,50,27200
20231228,10:36:10,1142.55,50,27900
20231228,10:36:13,1142.65,150,27900
20231228,10:36:18,1140.0,50,27900
20231228,10:36:29,1145.75,50,27900
20231228,10:36:58,1143.85,300,27900
20231228,10:37:02,1143.2,150,27900
20231228,10:37:18,1144.8,100,27900
20231228,10:37:45,1145.35,50,27900
20231228,10:37:50,1141.65,50,27900
20231228,10:37:55,1137.4,100,27900
20231228,10:38:54,1148.1,50,27900
20231228,10:39:02,1147.5,450,27900
20231228,10:39:05,1147.45,50,27900
20231228,10:39:06,1147.45,200,27900
20231228,10:39:31,1146.0,150,28150
20231228,10:40:03,1144.0,100,28150
20231228,10:40:30,1155.0,100,28150
20231228,10:41:41,1145.85,100,28150
20231228,10:41:51,1141.95,100,28150
20231228,10:43:05,1140.0,200,28600
20231228,10:43:05,1140.0,50,28600
20231228,10:43:06,1140.0,50,28600
20231228,10:43:07,1135.95,50,28600
20231228,10:43:08,1140.0,50,28600
20231228,10:43:09,1140.0,50,28600
20231228,10:43:11,1136.65,150,28600
20231228,10:43:14,1136.95,100,28600
20231228,10:43:41,1137.95,100,28600
20231228,10:43:44,1139.8,100,28600
20231228,10:43:52,1140.55,150,28600
20231228,10:44:13,1143.3,50,28600
20231228,10:44:59,1142.15,100,28600
20231228,10:45:06,1142.1,100,28600
20231228,10:45:44,1147.6,200,29250
20231228,10:45:50,1145.05,50,29250
20231228,10:45:51,1138.25,100,29250
20231228,10:46:00,1144.95,50,29250
20231228,10:46:01,1138.75,100,29250
20231228,10:46:07,1143.0,150,29250
20231228,10:46:08,1143.0,150,29250
20231228,10:46:17,1143.3,50,29250
20231228,10:46:19,1140.0,4800,29250
20231228,10:46:20,1140.0,200,29250
20231228,10:46:38,1140.0,50,29250
20231228,10:46:45,1134.75,50,29250
20231228,10:46:58,1138.5,50,29250
20231228,10:46:59,1138.5,100,29250
20231228,10:47:23,1139.0,50,29250
20231228,10:47:31,1140.65,50,29250
20231228,10:47:33,1140.55,50,29250
20231228,10:47:35,1138.75,100,29250
20231228,10:47:40,1133.8,50,29250
20231228,10:47:43,1141.15,50,29250
20231228,10:48:29,1138.0,50,34850
20231228,10:48:30,1138.0,50,34850
20231228,10:48:40,1137.0,50,34850
20231228,10:48:41,1137.0,100,34850
20231228,10:48:41,1137.0,50,34850
20231228,10:48:51,1137.0,100,34850
20231228,10:48:56,1131.05,100,34850
20231228,10:49:02,1137.0,50,34850
20231228,10:49:04,1137.0,150,34850
20231228,10:49:05,1137.0,50,34850
20231228,10:49:06,1137.0,100,34850
20231228,10:49:07,1137.0,100,34850
20231228,10:49:08,1137.0,100,34850
20231228,10:49:09,1137.0,50,34850
20231228,10:49:26,1135.0,50,34850
20231228,10:49:30,1137.0,50,34850
20231228,10:49:35,1137.75,100,34850
20231228,10:49:41,1131.7,100,34850
20231228,10:50:00,1130.95,100,34850
20231228,10:50:04,1128.0,50,34850
20231228,10:50:08,1127.8,250,34850
20231228,10:50:10,1125.05,550,34850
20231228,10:50:15,1130.0,100,34850
20231228,10:50:16,1129.95,50,34850
20231228,10:50:17,1130.0,300,34850
20231228,10:50:24,1128.4,200,34850
20231228,10:50:25,1132.0,50,34850
20231228,10:50:40,1135.3,50,34850
20231228,10:50:42,1135.45,50,34850
20231228,10:50:46,1132.85,100,34850
20231228,10:50:53,1130.0,50,34850
20231228,10:50:54,1130.9,50,34850
20231228,10:51:00,1133.0,100,34850
20231228,10:51:15,1127.1,200,34850
20231228,10:51:23,1133.15,250,37500
20231228,10:51:30,1131.0,50,37500
20231228,10:52:36,1131.35,150,37500
20231228,10:52:39,1133.0,50,37500
20231228,10:52:59,1142.0,300,37500
20231228,10:53:27,1140.0,50,37500
20231228,10:53:38,1140.0,50,37500
20231228,10:53:43,1142.0,150,37500
20231228,10:53:47,1136.75,150,37500
20231228,10:53:48,1137.2,100,37500
20231228,10:53:50,1138.15,50,37500
20231228,10:53:51,1137.95,50,37500
20231228,10:54:08,1138.85,1000,37500
20231228,10:54:10,1138.35,100,37500
20231228,10:54:18,1141.85,100,38850
20231228,10:54:31,1151.25,100,38850
20231228,10:54:34,1150.35,50,38850
20231228,10:54:36,1152.0,50,38850
20231228,10:54:51,1150.45,50,38850
20231228,10:54:54,1151.85,50,38850
20231228,10:54:58,1151.75,50,38850
20231228,10:55:00,1146.0,50,38850
20231228,10:55:02,1149.85,50,38850
20231228,10:55:04,1150.25,50,38850
20231228,10:55:05,1152.55,50,38850
20231228,10:55:23,1143.55,100,38850
20231228,10:55:24,1151.0,50,38850
20231228,10:55:27,1152.8,50,38850
20231228,10:55:34,1152.8,50,38850
20231228,10:55:43,1145.55,100,38850
20231228,10:55:46,1150.0,100,38850
20231228,10:55:47,1145.1,100,38850
20231228,10:55:49,1149.95,150,38850
20231228,10:55:50,1149.95,100,38850
20231228,10:55:51,1150.0,50,38850
20231228,10:55:52,1150.0,50,38850
20231228,10:56:10,1146.0,200,38850
20231228,10:56:28,1147.5,50,38850
20231228,10:56:31,1147.5,50,38850
20231228,10:56:33,1147.45,50,38850
20231228,10:56:35,1147.5,100,38850
20231228,10:56:36,1147.5,200,38850
20231228,10:56:37,1147.5,100,38850
20231228,10:56:39,1147.5,50,38850
20231228,10:56:40,1147.5,50,38850
20231228,10:56:58,1143.7,100,38850
20231228,10:57:08,1144.7,50,38850
20231228,10:57:36,1138.85,50,40550
20231228,10:57:42,1141.0,100,40550
20231228,10:58:03,1144.7,50,40550
20231228,10:58:13,1155.15,100,40550
20231228,10:58:19,1153.85,100,40550
20231228,10:58:20,1149.1,150,40550
20231228,10:58:27,1160.0,100,40550
20231228,10:58:38,1152.55,100,40550
20231228,10:58:40,1157.4,50,40550
20231228,10:58:48,1155.85,50,40550
20231228,10:59:04,1154.5,250,40550
20231228,10:59:13,1150.6,100,40550
20231228,10:59:14,1151.0,50,40550
20231228,10:59:22,1148.95,100,40550
20231228,10:59:29,1150.15,300,40550
20231228,10:59:42,1144.55,50,40550
20231228,11:00:07,1144.55,500,40550
20231228,11:00:15,1152.3,150,41050
20231228,11:00:17,1152.3,50,41050
20231228,11:00:30,1146.55,800,41050
20231228,11:00:30,1146.75,50,41050
20231228,11:00:33,1147.95,250,41050
20231228,11:00:38,1154.2,50,41050
20231228,11:00:41,1154.2,50,41050
20231228,11:00:57,1151.35,50,41050
20231228,11:01:39,1145.7,50,41050
20231228,11:01:54,1149.25,50,41050
20231228,11:02:24,1147.85,50,41050
20231228,11:02:44,1151.35,50,41050
20231228,11:03:23,1153.55,50,41600
20231228,11:03:55,1152.0,150,41600
20231228,11:03:59,1152.0,50,41600
20231228,11:04:25,1149.25,50,41600
20231228,11:04:34,1151.05,50,41600
20231228,11:05:04,1143.55,500,41600
20231228,11:05:10,1150.7,50,41600
20231228,11:05:32,1147.6,100,41600
20231228,11:05:35,1146.2,50,41600
20231228,11:05:43,1139.8,500,41600
20231228,11:05:46,1139.9,150,41600
20231228,11:05:52,1145.9,50,41600
20231228,11:06:06,1144.45,150,41600
20231228,11:06:07,1143.9,150,41600
20231228,11:06:13,1143.4,50,42900
20231228,11:06:14,1143.45,50,42900
20231228,11:06:17,1138.65,500,42900
20231228,11:06:22,1138.95,50,42900
20231228,11:06:23,1145.45,50,42900
20231228,11:06:29,1140.4,50,42900
20231228,11:06:43,1145.0,100,42900
20231228,11:06:44,1145.5,300,42900
20231228,11:06:45,1146.35,200,42900
20231228,11:06:55,1145.35,200,42900
20231228,11:06:57,1145.35,50,42900
20231228,11:07:06,1147.0,50,42900
20231228,11:07:11,1141.25,700,42900
20231228,11:07:15,1140.6,150,42900
20231228,11:07:16,1140.6,1000,42900
20231228,11:07:17,1138.6,300,42900
20231228,11:07:24,1142.15,50,42900
20231228,11:07:26,1137.25,150,42900
20231228,11:07:32,1140.4,50,42900
20231228,11:07:49,1139.6,200,42900
20231228,11:07:51,1138.0,50,42900
20231228,11:07:56,1136.35,500,42900
20231228,11:07:57,1133.5,50,42900
20231228,11:07:58,1134.25,50,42900
20231228,11:08:01,1125.15,50,42900
20231228,11:08:02,1129.4,50,42900
20231228,11:08:04,1128.2,100,42900
20231228,11:08:05,1129.7,100,42900
20231228,11:08:08,1128.4,50,42900
20231228,11:08:24,1131.3,50,42900
20231228,11:08:29,1128.95,50,42900
20231228,11:08:31,1121.8,450,42900
20231228,11:08:32,1120.2,250,42900
20231228,11:08:36,1124.55,50,42900
20231228,11:08:43,1111.8,50,42900
20231228,11:08:44,1118.4,50,42900
20231228,11:08:45,1118.35,50,42900
20231228,11:08:56,1113.85,100,42900
20231228,11:09:02,1102.6,50,42900
20231228,11:09:03,1106.1,100,42900
20231228,11:09:05,1097.35,50,42900
20231228,11:09:07,1103.55,50,42900
20231228,11:09:12,1104.3,350,42900
20231228,11:09:20,1102.15,250,45300
20231228,11:09:25,1101.6,250,45300
20231228,11:09:33,1107.65,50,45300
20231228,11:09:55,1108.15,100,45300
20231228,11:10:13,1104.4,150,45300
20231228,11:11:54,1108.0,50,45300
20231228,11:11:55,1108.0,150,45300
20231228,11:11:56,1108.0,50,45300
20231228,11:12:02,1105.0,50,45300
20231228,11:12:06,1108.0,50,45300
20231228,11:12:11,1105.0,4000,45300
20231228,11:12:30,1107.6,50,49950
20231228,11:12:31,1107.6,100,49950
20231228,11:12:40,1104.0,750,49950
20231228,11:12:41,1104.0,1350,49950
20231228,11:12:42,1104.0,1400,49950
20231228,11:12:43,1104.0,1150,49950
20231228,11:12:44,1104.0,350,49950
20231228,11:12:59,1100.6,50,49950
20231228,11:13:00,1107.0,50,49950
20231228,11:13:01,1107.0,50,49950
20231228,11:13:02,1107.0,100,49950
20231228,11:13:03,1107.0,150,49950
20231228,11:13:08,1103.15,50,49950
20231228,11:13:26,1103.75,50,49950
20231228,11:13:33,1101.65,50,49950
20231228,11:13:52,1100.2,600,49950
20231228,11:13:53,1100.05,300,49950
20231228,11:13:54,1099.95,600,49950
20231228,11:14:05,1103.7,200,49950
20231228,11:14:20,1105.75,350,49950
20231228,11:14:23,1107.4,50,49950
20231228,11:14:26,1106.25,50,49950
20231228,11:14:28,1108.45,150,49950
20231228,11:14:30,1107.65,100,49950
20231228,11:14:33,1105.8,50,49950
20231228,11:15:08,1114.35,300,49950
20231228,11:15:12,1114.0,300,49950
20231228,11:15:17,1114.8,50,56350
20231228,11:15:19,1114.8,50,56350
20231228,11:15:55,1113.7,50,56350
20231228,11:16:04,1113.6,50,56350
20231228,11:16:08,1113.0,150,56350
20231228,11:16:09,1112.95,50,56350
20231228,11:16:11,1113.0,100,56350
20231228,11:16:12,1113.0,100,56350
20231228,11:16:16,1110.5,1800,56350
20231228,11:16:20,1111.55,200,56350
20231228,11:16:28,1115.3,50,56350
20231228,11:16:34,1112.35,50,56350
20231228,11:16:37,1111.0,150,56350
20231228,11:16:56,1115.15,100,56350
20231228,11:17:04,1115.9,50,56350
20231228,11:17:33,1116.85,100,56350
20231228,11:17:38,1117.85,100,56350
20231228,11:17:38,1112.65,150,56350
20231228,11:17:40,1112.85,350,56350
20231228,11:17:41,1112.95,150,56350
20231228,11:17:54,1114.8,200,56350
20231228,11:18:02,1116.75,100,56350
20231228,11:18:09,1114.85,250,56350
20231228,11:18:15,1119.5,50,59300
20231228,11:18:19,1119.9,50,59300
20231228,11:18:25,1117.0,1000,59300
20231228,11:18:42,1114.95,150,59300
20231228,11:18:43,1115.0,100,59300
20231228,11:18:44,1115.0,250,59300
20231228,11:18:45,1115.0,650,59300
20231228,11:19:29,1118.0,50,59300
20231228,11:19:32,1118.0,100,59300
20231228,11:19:34,1118.0,50,59300
20231228,11:19:35,1118.0,100,59300
20231228,11:19:38,1115.0,1000,59300
20231228,11:20:08,1120.05,50,59300
20231228,11:20:24,1117.05,50,59300
20231228,11:20:28,1116.9,50,59300
20231228,11:20:38,1117.0,300,59300
20231228,11:20:41,1116.9,50,59300
20231228,11:20:42,1117.0,250,59300
20231228,11:20:51,1115.95,150,59300
20231228,11:20:56,1116.0,150,59300
20231228,11:21:10,1115.25,100,59300
20231228,11:21:14,1113.85,400,59300
20231228,11:21:17,1114.35,50,63550
20231228,11:21:26,1113.0,50,63550
20231228,11:21:27,1113.0,150,63550
20231228,11:21:29,1112.95,50,63550
20231228,11:21:34,1112.95,150,63550
20231228,11:21:35,1113.0,100,63550
20231228,11:21:36,1113.0,150,63550
20231228,11:21:47,1115.6,100,63550
20231228,11:21:56,1109.85,50,63550
20231228,11:22:00,1115.05,150,63550
20231228,11:22:06,1115.9,100,63550
20231228,11:22:13,1110.5,200,63550
20231228,11:22:15,1116.0,200,63550
20231228,11:22:16,1116.0,50,63550
20231228,11:22:24,1111.0,250,63550
20231228,11:22:26,1117.35,50,63550
20231228,11:22:31,1118.55,50,63550
20231228,11:22:33,1119.25,600,63550
20231228,11:22:39,1112.6,500,63550
20231228,11:22:59,1112.45,300,63550
20231228,11:23:05,1118.95,50,63550
20231228,11:23:06,1118.95,100,63550
20231228,11:23:07,1117.0,150,63550
20231228,11:23:12,1118.95,50,63550
20231228,11:23:14,1119.0,200,63550
20231228,11:23:15,1117.0,100,63550
20231228,11:23:16,1117.0,150,63550
20231228,11:23:17,1117.0,150,63550
20231228,11:23:18,1117.0,50,63550
20231228,11:23:21,1117.0,50,63550
20231228,11:23:23,1117.0,150,63550
20231228,11:23:25,1117.0,300,63550
20231228,11:23:26,1117.0,50,63550
20231228,11:23:30,1119.0,100,63550
20231228,11:23:32,1119.0,50,63550
20231228,11:23:43,1114.35,50,63550
20231228,11:23:51,1115.95,50,63550
20231228,11:23:52,1115.95,50,63550
20231228,11:23:53,1116.0,150,63550
20231228,11:23:57,1115.7,250,63550
20231228,11:23:58,1115.75,50,63550
20231228,11:24:14,1117.5,300,63550
20231228,11:24:17,1118.1,50,65800
20231228,11:24:23,1116.45,550,65800
20231228,11:24:30,1115.25,100,65800
20231228,11:24:31,1115.4,50,65800
20231228,11:24:42,1115.8,100,65800
20231228,11:24:46,1113.0,200,65800
20231228,11:24:47,1113.0,550,65800
20231228,11:24:48,1113.0,100,65800
20231228,11:24:49,1113.0,50,65800
20231228,11:24:50,1113.0,150,65800
20231228,11:24:56,1117.1,100,65800
20231228,11:24:58,1110.7,300,65800
20231228,11:25:00,1116.1,50,65800
20231228,11:25:03,1115.0,150,65800
20231228,11:25:04,1115.0,150,65800
20231228,11:25:04,1115.0,50,65800
20231228,11:25:06,1115.0,150,65800
20231228,11:25:08,1115.0,50,65800
20231228,11:25:09,1115.0,50,65800
20231228,11:25:13,1115.0,200,65800
20231228,11:25:15,1115.0,50,65800
20231228,11:25:28,1114.5,50,65800
20231228,11:25:31,1109.75,500,65800
20231228,11:25:33,1114.95,50,65800
20231228,11:25:36,1109.5,100,65800
20231228,11:25:48,1113.35,50,65800
20231228,11:25:57,1107.0,100,65800
20231228,11:25:58,1107.0,50,65800
20231228,11:26:00,1113.0,100,65800
20231228,11:26:01,1113.0,100,65800
20231228,11:26:07,1109.05,350,65800
20231228,11:26:17,1110.0,50,65800
20231228,11:26:18,1110.2,50,65800
20231228,11:26:50,1110.0,50,65800
20231228,11:26:57,1109.75,300,65800
20231228,11:26:58,1109.75,50,65800
20231228,11:27:01,1110.35,50,65800
20231228,11:27:10,1109.95,50,65800
20231228,11:27:12,1110.0,100,65800
20231228,11:27:25,1108.25,50,68200
20231228,11:27:28,1108.1,450,68200
20231228,11:27:29,1108.0,150,68200
20231228,11:27:31,1108.35,50,68200
20231228,11:27:32,1107.85,50,68200
20231228,11:27:33,1101.7,500,68200
20231228,11:27:39,1102.7,100,68200
20231228,11:27:40,1102.7,100,68200
20231228,11:27:41,1107.95,50,68200
20231228,11:27:42,1102.3,850,68200
20231228,11:27:43,1107.9,100,68200
20231228,11:27:44,1102.3,600,68200
20231228,11:27:49,1106.95,50,68200
20231228,11:27:50,1106.9,250,68200
20231228,11:27:51,1106.95,50,68200
20231228,11:27:53,1106.0,100,68200
20231228,11:27:54,1106.0,50,68200
20231228,11:27:55,1106.0,50,68200
20231228,11:27:56,1106.0,150,68200
20231228,11:28:20,1109.85,50,68200
20231228,11:28:43,1112.3,150,68200
20231228,11:28:51,1111.9,50,68200
20231228,11:28:53,1112.65,50,68200
20231228,11:29:20,1114.35,50,68200
20231228,11:29:29,1109.05,50,68200
20231228,11:29:30,1103.5,350,68200
20231228,11:29:31,1103.5,50,68200
20231228,11:29:32,1102.9,350,68200
20231228,11:29:34,1102.85,50,68200
20231228,11:29:36,1110.1,50,68200
20231228,11:29:37,1103.9,50,68200
20231228,11:29:40,1110.4,100,68200
20231228,11:29:49,1109.25,100,68200
20231228,11:29:52,1108.95,50,68200
20231228,11:30:05,1107.25,50,68200
20231228,11:30:22,1104.2,100,68200
20231228,11:30:23,1105.0,650,71800
20231228,11:30:28,1104.45,300,71800
20231228,11:30:29,1104.5,550,71800
20231228,11:30:47,1109.8,100,71800
20231228,11:30:48,1109.15,100,71800
20231228,11:30:50,1108.0,50,71800
20231228,11:30:52,1108.0,50,71800
20231228,11:30:54,1108.45,50,71800
20231228,11:31:00,1108.1,100,71800
20231228,11:31:08,1103.0,150,71800
20231228,11:31:15,1102.25,100,71800
20231228,11:31:22,1104.9,650,71800
20231228,11:31:23,1104.95,50,71800
20231228,11:31:27,1103.95,150,71800
20231228,11:31:32,1103.15,50,71800
20231228,11:31:42,1103.0,200,71800
20231228,11:31:44,1103.0,100,71800
20231228,11:31:46,1103.0,50,71800
20231228,11:31:48,1103.0,50,71800
20231228,11:31:50,1099.2,100,71800
20231228,11:31:51,1099.2,150,71800
20231228,11:32:06,1103.75,100,71800
20231228,11:32:36,1102.2,150,71800
20231228,11:32:48,1102.4,150,71800
20231228,11:32:48,1102.5,250,71800
20231228,11:32:50,1102.95,250,71800
20231228,11:32:51,1102.05,50,71800
20231228,11:32:52,1101.35,50,71800
20231228,11:33:29,1103.0,50,72800
20231228,11:33:30,1098.3,50,72800
20231228,11:33:35,1104.95,400,72800
20231228,11:33:36,1104.65,50,72800
20231228,11:33:49,1105.2,450,72800
20231228,11:33:53,1106.6,100,72800
20231228,11:33:54,1106.15,50,72800
20231228,11:34:03,1098.8,500,72800
20231228,11:34:14,1102.0,50,72800
20231228,11:34:16,1102.0,50,72800
20231228,11:34:22,1100.0,900,72800
20231228,11:34:27,1100.25,450,72800
20231228,11:34:37,1096.8,700,72800
20231228,11:34:44,1097.35,650,72800
20231228,11:34:45,1097.6,200,72800
20231228,11:34:46,1104.9,50,72800
20231228,11:34:50,1098.4,1000,72800
20231228,11:34:56,1097.65,300,72800
20231228,11:34:57,1097.5,100,72800
20231228,11:35:22,1096.0,500,72800
20231228,11:35:23,1102.8,50,72800
20231228,11:35:27,1102.85,50,72800
20231228,11:35:30,1102.2,150,72800
20231228,11:35:31,1102.2,50,72800
20231228,11:35:32,1102.25,100,72800
20231228,11:35:47,1101.7,50,72800
20231228,11:35:54,1101.7,50,72800
20231228,11:36:05,1099.7,400,72800
20231228,11:36:07,1099.05,50,72800
20231228,11:36:09,1099.2,150,72800
20231228,11:36:11,1099.4,350,72800
20231228,11:36:15,1095.85,50,72800
20231228,11:36:16,1095.7,150,72800
20231228,11:36:19,1091.0,250,77100
20231228,11:36:33,1096.9,50,77100
20231228,11:36:47,1099.1,50,77100
20231228,11:37:15,1099.5,100,77100
20231228,11:37:19,1093.45,400,77100
20231228,11:37:22,1100.9,50,77100
20231228,11:37:24,1100.9,50,77100
20231228,11:37:25,1094.5,100,77100
20231228,11:37:28,1094.55,50,77100
20231228,11:37:29,1101.2,50,77100
20231228,11:37:39,1101.3,200,77100
20231228,11:37:40,1101.15,100,77100
20231228,11:37:53,1095.4,1000,77100
20231228,11:37:56,1102.85,50,77100
20231228,11:38:08,1096.6,200,77100
20231228,11:38:09,1096.45,100,77100
20231228,11:38:16,1101.75,100,77100
20231228,11:38:17,1101.65,50,77100
20231228,11:38:19,1101.95,50,77100
20231228,11:38:31,1101.85,50,77100
20231228,11:38:32,1101.85,50,77100
20231228,11:38:35,1101.3,100,77100
20231228,11:38:36,1101.35,50,77100
20231228,11:38:38,1101.75,50,77100
20231228,11:38:58,1101.7,50,77100
20231228,11:39:01,1102.3,50,77100
20231228,11:39:02,1102.4,50,77100
20231228,11:39:08,1101.0,50,77100
20231228,11:39:09,1101.55,50,77100
20231228,11:39:16,1101.35,50,77100
20231228,11:39:23,1095.75,1000,79200
20231228,11:39:36,1101.95,50,79200
20231228,11:39:44,1101.85,50,79200
20231228,11:39:55,1102.2,50,79200
20231228,11:39:58,1102.2,50,79200
20231228,11:40:05,1101.7,50,79200
20231228,11:40:08,1102.3,50,79200
20231228,11:40:14,1097.3,50,79200
20231228,11:40:20,1103.3,50,79200
20231228,11:40:24,1103.9,50,79200
20231228,11:40:27,1098.0,50,79200
20231228,11:40:28,1104.3,50,79200
20231228,11:40:30,1103.8,50,79200
20231228,11:40:36,1097.8,50,79200
20231228,11:40:46,1102.7,50,79200
20231228,11:40:47,1102.4,50,79200
20231228,11:41:02,1102.0,50,79200
20231228,11:41:04,1101.1,50,79200
20231228,11:41:05,1101.6,150,79200
20231228,11:41:06,1097.0,200,79200
20231228,11:41:07,1101.85,100,79200
20231228,11:41:16,1094.9,1000,79200
20231228,11:41:27,1094.45,50,79200
20231228,11:41:32,1098.75,50,79200
20231228,11:41:35,1099.25,100,79200
20231228,11:41:36,1093.75,250,79200
20231228,11:41:41,1099.65,200,79200
20231228,11:42:11,1100.25,50,79200
20231228,11:42:21,1094.95,50,81700
20231228,11:42:34,1095.85,50,81700
20231228,11:42:50,1101.95,100,81700
20231228,11:43:07,1098.6,50,81700
20231228,11:43:11,1099.05,100,81700
20231228,11:44:10,1105.3,50,81700
20231228,11:44:13,1105.2,100,81700
20231228,11:44:36,1104.55,50,81700
20231228,11:45:20,1102.85,50,82000
20231228,11:45:21,1103.4,100,82000
20231228,11:45:22,1103.05,50,82000
20231228,11:45:26,1101.8,50,82000
20231228,11:45:27,1101.8,50,82000
20231228,11:45:31,1101.75,200,82000
20231228,11:45:35,1100.0,50,82000
20231228,11:45:36,1102.25,50,82000
20231228,11:45:46,1104.35,50,82000
20231228,11:46:07,1103.55,50,82000
20231228,11:46:08,1103.0,50,82000
20231228,11:46:09,1102.7,50,82000
20231228,11:46:15,1103.45,50,82000
20231228,11:46:18,1104.05,200,82000
20231228,11:46:22,1105.35,100,82000
20231228,11:46:23,1105.5,150,82000
20231228,11:46:33,1103.15,50,82000
20231228,11:46:50,1104.55,150,82000
20231228,11:46:51,1103.8,250,82000
20231228,11:46:57,1104.55,200,82000
20231228,11:47:26,1104.45,50,82000
20231228,11:47:30,1099.75,50,82000
20231228,11:47:43,1104.4,50,82000
20231228,11:47:46,1105.75,150,82000
20231228,11:47:48,1105.15,150,82000
20231228,11:47:50,1105.1,50,82000
20231228,11:47:52,1105.1,50,82000
20231228,11:47:54,1105.15,100,82000
20231228,11:47:57,1105.1,150,82000
20231228,11:48:00,1105.15,50,82000
20231228,11:48:02,1105.1,50,82000
20231228,11:48:03,1105.15,50,82000
20231228,11:48:32,1104.5,50,81100
20231228,11:48:34,1104.5,100,81100
20231228,11:48:36,1099.05,150,81100
20231228,11:48:38,1104.5,50,81100
20231228,11:48:49,1104.55,50,81100
20231228,11:48:50,1104.55,50,81100
20231228,11:49:08,1100.3,250,81100
20231228,11:49:18,1106.1,600,81100
20231228,11:49:21,1106.2,50,81100
20231228,11:50:02,1104.3,50,81100
20231228,11:50:07,1098.85,100,81100
20231228,11:50:12,1097.9,50,81100
20231228,11:50:19,1103.7,50,81100
20231228,11:50:45,1102.05,150,81100
20231228,11:50:58,1100.5,50,81100
20231228,11:51:33,1102.55,50,81050
20231228,11:52:06,1102.6,100,81050
20231228,11:52:07,1103.1,50,81050
20231228,11:52:08,1103.3,50,81050
20231228,11:52:14,1098.9,50,81050
20231228,11:52:23,1106.15,50,81050
20231228,11:52:24,1106.15,50,81050
20231228,11:52:26,1106.15,50,81050
20231228,11:52:27,1107.05,200,81050
20231228,11:52:52,1105.75,50,81050
20231228,11:53:04,1105.45,50,81050
20231228,11:53:20,1102.65,200,81050
20231228,11:53:21,1102.85,300,81050
20231228,11:53:37,1107.05,650,81050
20231228,11:53:40,1106.85,50,81050
20231228,11:53:51,1101.15,100,81050
20231228,11:54:13,1099.2,100,81050
20231228,11:54:16,1104.25,50,81050
20231228,11:54:20,1104.65,100,81550
20231228,11:54:36,1104.6,50,81550
20231228,11:54:43,1105.3,50,81550
20231228,11:54:53,1097.15,550,81550
20231228,11:54:54,1097.15,100,81550
20231228,11:54:55,1097.45,50,81550
20231228,11:55:01,1097.75,50,81550
20231228,11:55:02,1097.75,400,81550
20231228,11:55:06,1097.1,300,81550
20231228,11:55:11,1096.8,300,81550
20231228,11:55:21,1096.35,50,81550
20231228,11:55:27,1102.85,150,81550
20231228,11:55:45,1099.9,50,81550
20231228,11:55:46,1106.0,50,81550
20231228,11:56:11,1105.25,200,81550
20231228,11:56:13,1105.25,50,81550
20231228,11:56:37,1103.7,50,81550
20231228,11:57:01,1103.95,100,81550
20231228,11:58:41,1102.9,50,83450
20231228,11:58:42,1100.0,300,83450
20231228,11:58:44,1100.0,200,83450
20231228,11:58:45,1096.95,750,83450
20231228,11:59:24,1097.0,50,83450
20231228,11:59:25,1097.0,50,83450
20231228,11:59:29,1103.15,50,83450
20231228,11:59:31,1097.1,100,83450
20231228,12:00:03,1102.1,50,83450
20231228,12:00:13,1104.95,100,83450
20231228,12:00:16,1099.8,600,83450
20231228,12:00:21,1102.5,50,85250
20231228,12:00:26,1096.15,50,85250
20231228,12:00:53,1103.85,50,85250
20231228,12:00:58,1105.0,100,85250
20231228,12:01:13,1099.15,150,85250
20231228,12:02:17,1098.6,50,85250
20231228,12:02:25,1098.05,300,85250
20231228,12:02:26,1096.05,200,85250
20231228,12:02:32,1096.0,250,85250
20231228,12:03:01,1093.15,100,85250
20231228,12:03:29,1098.0,50,85250
20231228,12:05:04,1092.85,100,86350
20231228,12:05:10,1089.5,50,86350
20231228,12:05:12,1094.95,150,86350
20231228,12:05:13,1089.8,100,86350
20231228,12:05:22,1090.35,100,86350
20231228,12:05:28,1091.5,50,86350
20231228,12:06:09,1092.6,200,86350
20231228,12:06:16,1092.05,100,86350
20231228,12:06:20,1098.65,50,87000
20231228,12:06:27,1097.15,50,87000
20231228,12:06:45,1096.55,50,87000
20231228,12:07:11,1090.45,500,87000
20231228,12:07:20,1090.05,50,87000
20231228,12:07:21,1089.7,950,87000
20231228,12:07:47,1089.0,250,87000
20231228,12:07:51,1089.2,200,87000
20231228,12:08:21,1089.35,450,87000
20231228,12:08:22,1089.7,750,87000
20231228,12:08:23,1089.85,150,87000
20231228,12:08:23,1089.95,50,87000
20231228,12:08:24,1089.45,1350,87000
20231228,12:08:39,1090.95,200,87000
20231228,12:08:40,1091.05,50,87000
20231228,12:09:21,1097.8,50,87000
20231228,12:09:23,1096.4,50,91850
20231228,12:09:24,1095.8,100,91850
20231228,12:09:25,1095.8,50,91850
20231228,12:09:37,1097.25,50,91850
20231228,12:09:48,1096.55,150,91850
20231228,12:09:54,1092.2,50,91850
20231228,12:09:55,1096.65,50,91850
20231228,12:09:56,1092.2,200,91850
20231228,12:10:00,1091.55,250,91850
20231228,12:10:01,1096.5,200,91850
20231228,12:10:02,1096.5,50,91850
20231228,12:10:03,1096.5,50,91850
20231228,12:10:04,1096.5,50,91850
20231228,12:10:09,1091.5,300,91850
20231228,12:10:13,1096.5,50,91850
20231228,12:10:17,1091.3,350,91850
20231228,12:10:23,1096.5,100,91850
20231228,12:10:30,1096.5,100,91850
20231228,12:10:31,1096.55,50,91850
20231228,12:10:45,1097.65,50,91850
20231228,12:10:47,1097.5,100,91850
20231228,12:10:57,1092.25,50,91850
20231228,12:11:12,1098.3,100,91850
20231228,12:11:32,1099.0,100,91850
20231228,12:11:53,1095.0,200,91850
20231228,12:11:54,1100.0,450,91850
20231228,12:11:55,1100.05,250,91850
20231228,12:11:58,1101.05,150,91850
20231228,12:12:08,1100.05,150,91850
20231228,12:12:09,1100.35,300,91850
20231228,12:12:11,1100.6,100,91850
20231228,12:12:14,1100.4,250,91850
20231228,12:12:17,1095.05,200,91850
20231228,12:12:18,1095.05,250,91850
20231228,12:12:19,1094.55,250,91850
20231228,12:12:55,1102.4,50,94250
20231228,12:13:01,1096.9,100,94250
20231228,12:13:04,1100.7,50,94250
20231228,12:13:07,1095.7,50,94250
20231228,12:13:41,1097.1,100,94250
20231228,12:13:43,1096.15,200,94250
20231228,12:13:44,1096.05,250,94250
20231228,12:13:45,1102.1,50,94250
20231228,12:13:46,1102.2,100,94250
20231228,12:13:47,1098.55,150,94250
20231228,12:13:51,1097.85,100,94250
20231228,12:14:00,1103.55,50,94250
20231228,12:14:39,1105.0,50,94250
20231228,12:14:49,1108.3,50,94250
20231228,12:15:47,1102.5,50,95300
20231228,12:15:56,1101.85,50,95300
20231228,12:16:10,1101.45,50,95300
20231228,12:16:28,1095.4,150,95300
20231228,12:17:56,1098.15,200,95300
20231228,12:18:32,1100.0,550,95650
20231228,12:18:32,1100.0,200,95650
20231228,12:18:47,1102.7,50,95650
20231228,12:18:57,1096.65,300,95650
20231228,12:19:34,1094.55,150,95650
20231228,12:19:49,1099.1,50,95650
20231228,12:19:51,1099.0,100,95650
20231228,12:19:54,1099.0,50,95650
20231228,12:20:04,1098.0,50,95650
20231228,12:20:05,1098.0,50,95650
20231228,12:20:09,1098.4,50,95650
20231228,12:20:10,1098.15,50,95650
20231228,12:20:14,1093.15,100,95650
20231228,12:20:15,1093.0,400,95650
20231228,12:21:36,1093.0,350,97350
20231228,12:21:37,1096.0,50,97350
20231228,12:21:38,1096.0,100,97350
20231228,12:21:52,1090.1,50,97350
20231228,12:22:00,1094.9,100,97350
20231228,12:22:09,1095.05,50,97350
20231228,12:22:12,1095.05,50,97350
20231228,12:22:13,1095.05,50,97350
20231228,12:22:22,1095.2,50,97350
20231228,12:22:50,1090.15,200,97350
20231228,12:22:58,1095.55,400,97350
20231228,12:23:14,1088.55,250,97350
20231228,12:23:16,1093.75,100,97350
20231228,12:23:20,1093.95,250,97350
20231228,12:23:25,1088.65,100,97350
20231228,12:23:33,1091.85,100,97350
20231228,12:23:41,1090.6,50,97350
20231228,12:23:48,1090.3,50,97350
20231228,12:23:57,1084.45,300,97350
20231228,12:24:00,1083.5,300,97350
20231228,12:24:03,1083.5,100,97350
20231228,12:24:10,1086.5,50,97350
20231228,12:24:15,1080.75,50,97350
20231228,12:24:21,1079.85,550,97350
20231228,12:24:24,1079.85,50,98850
20231228,12:24:25,1084.3,50,98850
20231228,12:24:40,1084.0,100,98850
20231228,12:25:17,1084.8,350,98850
20231228,12:25:19,1084.7,50,98850
20231228,12:25:22,1086.0,250,98850
20231228,12:25:25,1085.0,50,98850
20231228,12:25:27,1085.0,50,98850
20231228,12:25:34,1085.65,300,98850
20231228,12:25:41,1084.5,100,98850
20231228,12:26:01,1085.65,150,98850
20231228,12:26:03,1085.85,150,98850
20231228,12:26:16,1085.7,150,98850
20231228,12:26:27,1085.85,50,98850
20231228,12:26:30,1085.85,50,98850
20231228,12:26:37,1087.3,50,98850
20231228,12:27:04,1086.35,150,98850
20231228,12:27:47,1084.8,50,98300
20231228,12:27:52,1081.9,100,98300
20231228,12:28:33,1070.0,100,98300
20231228,12:28:54,1067.5,1050,98300
20231228,12:28:59,1073.4,50,98300
20231228,12:29:00,1072.75,100,98300
20231228,12:29:09,1067.35,50,98300
20231228,12:29:13,1067.35,50,98300
20231228,12:29:54,1064.8,200,98300
20231228,12:30:26,1064.8,300,98300
20231228,12:30:50,1073.3,100,99500
20231228,12:30:58,1073.25,50,99500
20231228,12:31:02,1073.3,100,99500
20231228,12:31:04,1072.95,50,99500
20231228,12:31:17,1074.05,50,99500
20231228,12:31:18,1073.85,50,99500
20231228,12:31:22,1073.85,50,99500
20231228,12:31:29,1074.45,50,99500
20231228,12:31:31,1074.95,50,99500
20231228,12:31:36,1075.0,100,99500
20231228,12:32:17,1077.9,450,99500
20231228,12:32:18,1078.3,550,99500
20231228,12:32:19,1077.85,250,99500
20231228,12:32:21,1077.2,50,99500
20231228,12:32:23,1077.15,100,99500
20231228,12:32:24,1076.6,50,99500
20231228,12:32:25,1076.65,50,99500
20231228,12:32:26,1077.0,50,99500
20231228,12:32:27,1076.9,50,99500
20231228,12:32:28,1076.35,150,99500
20231228,12:32:30,1075.15,300,99500
20231228,12:32:31,1075.05,100,99500
20231228,12:32:32,1075.85,650,99500
20231228,12:32:33,1075.45,50,99500
20231228,12:32:40,1067.8,1000,99500
20231228,12:32:42,1075.8,150,99500
20231228,12:33:14,1068.65,1150,99500
20231228,12:33:27,1075.05,50,98750
20231228,12:33:29,1074.5,50,98750
20231228,12:34:19,1074.0,300,98750
20231228,12:34:40,1076.35,50,98750
20231228,12:34:42,1074.0,400,98750
20231228,12:34:45,1076.1,50,98750
20231228,12:34:46,1076.45,50,98750
20231228,12:34:47,1076.45,50,98750
20231228,12:34:48,1077.2,250,98750
20231228,12:34:50,1076.5,200,98750
20231228,12:34:51,1076.4,50,98750
20231228,12:34:55,1076.7,200,98750
20231228,12:34:56,1076.9,50,98750
20231228,12:34:57,1076.95,100,98750
20231228,12:34:58,1076.95,50,98750
20231228,12:34:59,1077.05,100,98750
20231228,12:35:01,1076.0,300,98750
20231228,12:35:09,1077.15,200,98750
20231228,12:35:19,1079.4,50,98750
20231228,12:35:33,1074.25,1100,98750
20231228,12:35:34,1074.2,300,98750
20231228,12:35:39,1079.35,100,98750
20231228,12:35:40,1079.35,50,98750
20231228,12:35:41,1079.35,100,98750
20231228,12:35:43,1079.4,350,98750
20231228,12:35:44,1079.4,150,98750
20231228,12:36:03,1075.0,1000,98750
20231228,12:36:37,1079.95,100,101150
20231228,12:36:38,1080.35,50,101150
20231228,12:36:39,1080.2,100,101150
20231228,12:36:43,1080.7,50,101150
20231228,12:36:45,1080.45,150,101150
20231228,12:36:48,1080.85,100,101150
20231228,12:36:49,1080.1,100,101150
20231228,12:36:50,1079.8,150,101150
20231228,12:36:51,1079.85,50,101150
20231228,12:36:52,1079.9,100,101150
20231228,12:36:55,1079.45,50,101150
20231228,12:36:56,1079.45,50,101150
20231228,12:36:57,1079.15,50,101150
20231228,12:36:58,1078.8,50,101150
20231228,12:36:59,1078.0,100,101150
20231228,12:37:01,1078.0,100,101150
20231228,12:37:03,1077.95,50,101150
20231228,12:37:04,1078.55,250,101150
20231228,12:37:05,1076.0,550,101150
20231228,12:37:06,1076.0,200,101150
20231228,12:37:07,1078.15,50,101150
20231228,12:37:08,1078.4,50,101150
20231228,12:37:09,1078.5,150,101150
20231228,12:37:11,1078.35,250,101150
20231228,12:37:12,1077.75,350,101150
20231228,12:37:13,1075.0,400,101150
20231228,12:37:14,1075.0,250,101150
20231228,12:37:15,1075.0,350,101150
20231228,12:37:30,1076.95,150,101150
20231228,12:37:33,1074.95,50,101150
20231228,12:37:34,1075.0,50,101150
20231228,12:37:37,1071.55,250,101150
20231228,12:37:40,1074.95,50,101150
20231228,12:37:41,1074.95,50,101150
20231228,12:37:44,1074.95,50,101150
20231228,12:37:44,1073.0,100,101150
20231228,12:37:53,1071.1,150,101150
20231228,12:37:56,1069.75,400,101150
20231228,12:37:57,1069.7,50,101150
20231228,12:37:58,1071.1,50,101150
20231228,12:38:23,1075.0,50,101150
20231228,12:38:30,1076.95,50,101150
20231228,12:38:34,1076.95,150,101150
20231228,12:38:35,1077.0,150,101150
20231228,12:38:48,1072.45,50,101150
20231228,12:38:59,1075.0,100,101150
20231228,12:39:00,1075.0,50,101150
20231228,12:39:11,1077.5,50,101150
20231228,12:39:13,1077.5,100,101150
20231228,12:39:13,1077.65,100,101150
20231228,12:39:15,1078.2,350,101150
20231228,12:39:16,1077.7,50,101150
20231228,12:39:17,1078.25,50,101150
20231228,12:39:22,1078.55,50,101150
20231228,12:39:24,1079.15,50,101150
20231228,12:39:46,1071.65,500,101150
20231228,12:39:57,1075.95,200,101150
20231228,12:40:02,1075.95,50,101150
20231228,12:40:03,1075.95,100,101150
20231228,12:40:05,1075.0,50,101150
20231228,12:40:06,1075.0,50,101150
20231228,12:40:08,1075.0,50,101150
20231228,12:40:13,1071.0,50,101150
20231228,12:40:18,1074.95,100,101150
20231228,12:40:22,1075.0,100,101150
20231228,12:40:35,1075.0,50,101150
20231228,12:41:24,1074.0,100,101150
20231228,12:41:27,1078.6,150,101150
20231228,12:41:28,1078.65,50,101150
20231228,12:42:10,1078.0,50,101150
20231228,12:42:15,1074.2,250,101150
20231228,12:42:32,1075.0,1000,102100
20231228,12:42:36,1075.0,200,102100
20231228,12:42:37,1075.0,100,102100
20231228,12:42:38,1075.0,600,102100
20231228,12:42:39,1075.0,500,102100
20231228,12:42:41,1075.0,150,102100
20231228,12:42:42,1075.0,100,102100
20231228,12:42:43,1075.0,350,102100
20231228,12:43:21,1078.0,50,102100
20231228,12:43:23,1078.65,50,102100
20231228,12:43:47,1077.9,400,102100
20231228,12:43:48,1073.85,550,102100
20231228,12:43:48,1072.95,50,102100
20231228,12:43:50,1072.9,550,102100
20231228,12:43:50,1072.4,50,102100
20231228,12:43:52,1072.5,250,102100
20231228,12:44:12,1072.45,1350,102100
20231228,12:44:15,1077.75,50,102100
20231228,12:44:16,1077.75,150,102100
20231228,12:44:17,1077.75,50,102100
20231228,12:44:18,1077.75,50,102100
20231228,12:44:20,1077.75,50,102100
20231228,12:44:24,1077.75,50,102100
20231228,12:44:26,1077.85,100,102100
20231228,12:44:28,1077.9,100,102100
20231228,12:44:32,1077.9,100,102100
20231228,12:44:37,1079.3,50,102100
20231228,12:44:38,1079.35,50,102100
20231228,12:44:49,1078.8,100,102100
20231228,12:44:51,1077.95,450,102100
20231228,12:44:52,1078.05,100,102100
20231228,12:45:03,1076.65,100,102100
20231228,12:45:20,1072.0,150,102100
20231228,12:45:31,1072.65,50,107450
20231228,12:46:05,1069.05,50,107450
20231228,12:46:09,1069.05,500,107450
20231228,12:46:10,1068.95,50,107450
20231228,12:46:19,1075.2,600,107450
20231228,12:46:21,1075.3,850,107450
20231228,12:46:22,1075.75,350,107450
20231228,12:46:23,1075.65,100,107450
20231228,12:46:24,1075.85,50,107450
20231228,12:46:25,1075.75,50,107450
20231228,12:46:26,1075.85,100,107450
20231228,12:46:27,1075.55,100,107450
20231228,12:46:29,1075.0,50,107450
20231228,12:46:30,1075.1,50,107450
20231228,12:46:34,1074.3,50,107450
20231228,12:46:40,1073.9,50,107450
20231228,12:46:41,1074.35,50,107450
20231228,12:46:42,1074.55,50,107450
20231228,12:46:45,1072.35,500,107450
20231228,12:46:47,1066.55,50,107450
20231228,12:46:54,1070.5,50,107450
20231228,12:46:56,1070.5,50,107450
20231228,12:46:57,1071.25,100,107450
20231228,12:46:59,1071.1,100,107450
20231228,12:47:04,1075.1,50,107450
20231228,12:47:14,1071.8,50,107450
20231228,12:48:00,1070.55,50,107450
20231228,12:48:08,1071.85,50,107450
20231228,12:48:40,1071.85,100,105850
20231228,12:48:54,1071.85,100,105850
20231228,12:48:57,1071.85,50,105850
20231228,12:49:04,1070.0,200,105850
20231228,12:49:07,1070.0,50,105850
20231228,12:50:30,1081.2,450,105850
20231228,12:50:31,1081.65,100,105850
20231228,12:51:15,1092.9,250,105850
20231228,12:54:13,1090.0,100,106000
20231228,12:54:19,1086.95,50,106000
20231228,12:54:31,1086.95,50,106050
20231228,12:55:06,1084.75,900,106050
20231228,12:55:11,1084.3,50,106050
20231228,12:55:31,1090.45,600,106050
20231228,12:55:38,1085.35,200,106050
20231228,12:55:39,1085.5,50,106050
20231228,12:55:57,1087.15,150,106050
20231228,12:55:58,1082.2,200,106050
20231228,12:55:59,1082.2,250,106050
20231228,12:56:14,1087.9,150,106050
20231228,12:56:22,1083.0,250,106050
20231228,12:56:32,1085.0,150,106050
20231228,12:56:34,1085.0,50,106050
20231228,12:56:41,1087.9,50,106050
20231228,12:56:42,1087.9,50,106050
20231228,12:56:48,1082.6,50,106050
20231228,12:56:54,1082.9,100,106050
20231228,12:56:56,1082.55,150,106050
20231228,12:57:02,1082.7,100,106050
20231228,12:57:58,1079.65,100,108400
20231228,12:58:05,1084.0,200,108400
20231228,12:58:09,1085.0,50,108400
20231228,12:58:10,1082.5,200,108400
20231228,12:58:11,1082.5,100,108400
20231228,12:58:15,1085.0,50,108400
20231228,12:58:19,1085.0,50,108400
20231228,12:58:21,1085.0,150,108400
20231228,12:58:33,1085.0,50,108400
20231228,12:59:07,1088.0,50,108400
20231228,12:59:08,1088.0,450,108400
20231228,13:01:00,1087.0,150,108400
20231228,13:01:16,1090.75,100,109850
20231228,13:01:18,1084.95,200,109850
20231228,13:01:29,1083.8,800,109850
20231228,13:01:51,1088.85,50,109850
20231228,13:01:54,1088.85,50,109850
20231228,13:01:55,1087.9,50,109850
20231228,13:01:56,1087.9,100,109850
20231228,13:02:05,1084.75,50,109850
20231228,13:02:12,1084.65,50,109850
20231228,13:02:14,1083.6,150,109850
20231228,13:02:24,1088.4,50,109850
20231228,13:02:32,1088.55,50,109850
20231228,13:02:40,1088.0,50,109850
20231228,13:02:41,1087.95,50,109850
20231228,13:03:11,1083.6,900,109850
20231228,13:03:26,1089.45,50,109850
20231228,13:03:42,1084.0,50,112200
20231228,13:03:47,1087.85,50,112200
20231228,13:03:51,1084.05,1000,112200
20231228,13:03:55,1087.9,50,112200
20231228,13:03:58,1088.0,50,112200
20231228,13:04:00,1088.0,50,112200
20231228,13:04:01,1088.0,50,112200
20231228,13:04:06,1088.0,50,112200
20231228,13:04:07,1088.0,50,112200
20231228,13:04:12,1088.0,50,112200
20231228,13:04:58,1090.45,50,112200
20231228,13:05:00,1090.45,50,112200
20231228,13:05:01,1090.45,50,112200
20231228,13:05:03,1091.55,350,112200
20231228,13:05:04,1091.55,100,112200
20231228,13:05:14,1085.85,1000,112200
20231228,13:05:22,1090.2,50,112200
20231228,13:05:31,1085.45,150,112200
20231228,13:05:34,1085.05,1450,112200
20231228,13:05:35,1090.5,100,112200
20231228,13:05:45,1090.25,50,112200
20231228,13:05:47,1090.25,200,112200
20231228,13:05:49,1090.55,150,112200
20231228,13:06:05,1090.8,50,112200
20231228,13:06:27,1085.35,100,112200
20231228,13:06:58,1083.8,100,114200
20231228,13:07:27,1084.95,100,114200
20231228,13:07:55,1090.25,350,114200
20231228,13:08:02,1089.0,50,114200
20231228,13:08:04,1088.95,50,114200
20231228,13:08:07,1083.35,150,114200
20231228,13:08:08,1083.35,650,114200
20231228,13:08:09,1083.35,50,114200
20231228,13:08:10,1082.05,350,114200
20231228,13:08:10,1080.7,400,114200
20231228,13:08:12,1080.7,250,114200
20231228,13:08:14,1084.95,50,114200
20231228,13:08:15,1080.4,650,114200
20231228,13:08:16,1080.4,100,114200
20231228,13:08:17,1085.0,100,114200
20231228,13:08:19,1085.0,50,114200
20231228,13:08:20,1085.0,50,114200
20231228,13:08:21,1084.95,100,114200
20231228,13:08:23,1085.0,50,114200
20231228,13:08:25,1085.0,1100,114200
20231228,13:08:29,1081.35,400,114200
20231228,13:08:29,1081.35,250,114200
20231228,13:08:31,1081.35,50,114200
20231228,13:08:42,1080.0,100,114200
20231228,13:08:43,1079.9,200,114200
20231228,13:08:58,1082.0,250,114200
20231228,13:08:59,1082.0,250,114200
20231228,13:09:29,1082.0,250,119500
20231228,13:09:30,1081.85,150,119500
20231228,13:09:33,1080.0,50,119500
20231228,13:09:36,1079.85,50,119500
20231228,13:09:37,1079.9,50,119500
20231228,13:09:40,1080.0,50,119500
20231228,13:09:46,1080.0,50,119500
20231228,13:09:48,1080.0,200,119500
20231228,13:09:54,1080.0,50,119500
20231228,13:09:57,1076.7,200,119500
20231228,13:09:58,1077.0,650,119500
20231228,13:09:59,1077.0,300,119500
20231228,13:10:00,1080.0,50,119500
20231228,13:10:03,1080.0,400,119500
20231228,13:10:28,1077.95,150,119500
20231228,13:10:29,1078.0,100,119500
20231228,13:10:30,1077.3,300,119500
20231228,13:10:33,1077.95,250,119500
20231228,13:10:35,1077.35,200,119500
20231228,13:10:37,1077.7,900,119500
20231228,13:10:38,1077.7,50,119500
20231228,13:10:40,1077.35,50,119500
20231228,13:10:47,1078.0,500,119500
20231228,13:10:51,1077.3,50,119500
20231228,13:10:52,1079.0,450,119500
20231228,13:10:53,1079.0,400,119500
20231228,13:10:57,1077.3,100,119500
20231228,13:11:02,1080.0,50,119500
20231228,13:11:03,1080.0,100,119500
20231228,13:11:04,1080.0,50,119500
20231228,13:11:07,1077.35,150,119500
20231228,13:11:18,1077.0,400,119500
20231228,13:11:19,1080.0,50,119500
20231228,13:11:25,1080.0,150,119500
20231228,13:11:26,1080.0,150,119500
20231228,13:11:27,1080.0,100,119500
20231228,13:11:29,1080.0,150,119500
20231228,13:11:46,1079.0,50,119500
20231228,13:11:48,1079.0,350,119500
20231228,13:11:49,1079.0,50,119500
20231228,13:11:51,1082.0,300,119500
20231228,13:12:03,1080.0,50,119500
20231228,13:12:09,1076.85,150,119500
20231228,13:12:17,1079.85,50,119500
20231228,13:12:18,1079.85,50,119500
20231228,13:12:19,1079.95,50,119500
20231228,13:12:22,1080.0,50,119500
20231228,13:12:26,1079.95,50,119500
20231228,13:12:28,1080.0,50,119500
20231228,13:12:29,1080.0,50,119500
20231228,13:12:30,1080.0,50,127100
20231228,13:12:31,1080.0,50,127100
20231228,13:12:33,1079.95,50,127100
20231228,13:12:34,1076.5,50,127100
20231228,13:12:35,1079.9,50,127100
20231228,13:12:51,1077.0,100,127100
20231228,13:12:53,1077.0,100,127100
20231228,13:12:54,1077.0,100,127100
20231228,13:12:58,1077.0,100,127100
20231228,13:13:01,1077.0,150,127100
20231228,13:13:02,1077.0,50,127100
20231228,13:13:05,1077.0,100,127100
20231228,13:13:23,1075.0,100,127100
20231228,13:13:35,1075.0,50,127100
20231228,13:13:38,1075.0,50,127100
20231228,13:13:39,1075.0,50,127100
20231228,13:13:41,1075.0,50,127100
20231228,13:13:47,1070.85,800,127100
20231228,13:13:48,1070.8,700,127100
20231228,13:13:49,1070.25,200,127100
20231228,13:13:51,1070.25,900,127100
20231228,13:13:52,1070.2,300,127100
20231228,13:13:53,1075.0,50,127100
20231228,13:13:54,1072.3,50,127100
20231228,13:13:55,1072.3,50,127100
20231228,13:13:56,1073.95,50,127100
20231228,13:13:57,1074.0,100,127100
20231228,13:13:58,1074.0,100,127100
20231228,13:13:59,1074.0,50,127100
20231228,13:14:02,1074.0,50,127100
20231228,13:14:11,1072.1,250,127100
20231228,13:14:20,1072.4,400,127100
20231228,13:14:21,1071.7,1300,127100
20231228,13:14:32,1071.95,650,127100
20231228,13:14:32,1072.35,50,127100
20231228,13:14:37,1071.1,650,127100
20231228,13:14:38,1074.0,50,127100
20231228,13:14:39,1071.25,50,127100
20231228,13:14:46,1076.0,50,127100
20231228,13:15:10,1072.0,1250,127100
20231228,13:15:11,1074.0,100,127100
20231228,13:15:12,1073.3,50,127100
20231228,13:15:18,1073.75,50,127100
20231228,13:15:19,1074.15,650,127100
20231228,13:15:26,1074.95,50,127100
20231228,13:15:34,1078.0,50,136900
20231228,13:15:35,1078.0,150,136900
20231228,13:15:37,1074.75,250,136900
20231228,13:15:38,1075.0,100,136900
20231228,13:15:45,1077.95,400,136900
20231228,13:15:48,1077.95,50,136900
20231228,13:15:50,1078.0,500,136900
20231228,13:15:51,1078.0,200,136900
20231228,13:15:52,1078.0,1150,136900
20231228,13:16:16,1083.5,200,136900
20231228,13:16:17,1083.75,500,136900
20231228,13:16:19,1078.2,750,136900
20231228,13:16:26,1078.2,200,136900
20231228,13:16:28,1078.1,100,136900
20231228,13:16:51,1080.05,400,136900
20231228,13:16:52,1080.0,200,136900
20231228,13:17:05,1082.0,50,136900
20231228,13:17:09,1083.0,50,136900
20231228,13:17:19,1083.0,50,136900
20231228,13:17:32,1085.9,50,136900
20231228,13:17:39,1085.0,50,136900
20231228,13:17:47,1085.0,50,136900
20231228,13:17:51,1085.0,50,136900
20231228,13:17:52,1085.0,100,136900
20231228,13:17:57,1085.0,550,136900
20231228,13:17:58,1085.0,200,136900
20231228,13:18:18,1088.0,50,136900
20231228,13:18:21,1085.0,50,136900
20231228,13:18:26,1084.45,50,136900
20231228,13:18:27,1084.45,300,136900
20231228,13:18:35,1088.85,100,142750
20231228,13:19:06,1088.9,50,142750
20231228,13:19:13,1088.9,50,142750
20231228,13:19:15,1087.0,200,142750
20231228,13:19:19,1087.0,150,142750
20231228,13:19:20,1087.0,50,142750
20231228,13:19:21,1087.0,50,142750
20231228,13:19:24,1087.0,100,142750
20231228,13:19:35,1083.75,650,142750
20231228,13:19:45,1084.25,800,142750
20231228,13:19:46,1084.25,150,142750
20231228,13:19:47,1083.15,50,142750
20231228,13:19:49,1083.45,200,142750
20231228,13:19:53,1083.65,800,142750
20231228,13:20:00,1085.0,50,142750
20231228,13:20:11,1085.0,50,142750
20231228,13:20:12,1089.6,50,142750
20231228,13:20:25,1089.6,200,142750
20231228,13:20:28,1089.9,50,142750
20231228,13:20:34,1086.0,100,142750
20231228,13:20:44,1084.6,500,142750
20231228,13:20:49,1090.45,400,142750
20231228,13:22:00,1082.45,50,146750
20231228,13:22:01,1082.65,50,146750
20231228,13:22:03,1082.65,300,146750
20231228,13:22:20,1087.9,50,146750
20231228,13:23:35,1084.85,800,146750
20231228,13:23:37,1085.55,300,146750
20231228,13:23:39,1085.65,400,146750
20231228,13:23:40,1085.6,600,146750
20231228,13:23:46,1087.0,100,146750
20231228,13:23:49,1087.0,450,146750
20231228,13:23:52,1090.0,50,146750
20231228,13:24:07,1088.0,100,146750
20231228,13:24:17,1090.0,100,146750
20231228,13:24:19,1090.0,500,146750
20231228,13:24:28,1090.0,50,146750
20231228,13:24:31,1090.0,200,146750
20231228,13:24:33,1090.0,50,150650
20231228,13:24:35,1090.0,50,150650
20231228,13:24:38,1090.0,150,150650
20231228,13:25:01,1092.0,150,150650
20231228,13:25:45,1090.0,150,150650
20231228,13:26:09,1090.0,850,150650
20231228,13:26:44,1094.85,50,150650
20231228,13:26:53,1093.0,50,150650
20231228,13:26:56,1090.95,50,150650
20231228,13:27:02,1091.0,200,150650
20231228,13:27:03,1091.15,200,150650
20231228,13:27:08,1091.4,50,150650
20231228,13:27:18,1092.05,100,150650
20231228,13:27:23,1093.05,1700,150650
20231228,13:27:27,1094.0,150,150650
20231228,13:27:35,1099.0,50,153850
20231228,13:27:56,1099.95,50,153850
20231228,13:27:58,1100.0,50,153850
20231228,13:28:29,1105.0,350,153850
20231228,13:28:34,1104.45,50,153850
20231228,13:28:44,1101.6,50,153850
20231228,13:29:01,1099.85,50,153850
20231228,13:29:03,1098.5,50,153850
20231228,13:29:04,1097.0,50,153850
20231228,13:29:15,1097.6,50,153850
20231228,13:30:04,1090.0,50,153850
20231228,13:30:06,1092.0,100,153850
20231228,13:30:11,1090.95,50,153850
20231228,13:30:35,1091.0,100,154250
20231228,13:31:07,1091.75,50,154250
20231228,13:31:37,1091.0,100,154250
20231228,13:32:17,1092.0,200,154250
20231228,13:32:55,1094.0,100,154250
20231228,13:33:34,1097.0,250,154450
20231228,13:33:38,1097.35,50,154450
20231228,13:33:42,1100.0,50,154450
20231228,13:34:29,1101.6,100,154450
20231228,13:34:34,1097.45,50,154450
20231228,13:34:41,1098.0,100,154450
20231228,13:34:47,1099.95,50,154450
20231228,13:34:48,1097.0,150,154450
20231228,13:34:53,1099.95,100,154450
20231228,13:34:58,1099.95,100,154450
20231228,13:35:08,1099.85,50,154450
20231228,13:35:09,1099.9,50,154450
20231228,13:35:19,1098.0,50,154450
20231228,13:35:20,1095.15,150,154450
20231228,13:35:26,1098.0,50,154450
20231228,13:35:29,1095.15,100,154450
20231228,13:35:31,1095.35,500,154450
20231228,13:35:32,1095.4,100,154450
20231228,13:35:35,1095.75,100,154450
20231228,13:35:36,1095.65,150,154450
20231228,13:35:50,1098.0,1250,154450
20231228,13:35:51,1098.0,500,154450
20231228,13:36:21,1096.0,250,154450
20231228,13:36:28,1097.0,200,154450
20231228,13:36:45,1099.95,100,157750
20231228,13:37:24,1098.0,50,157750
20231228,13:37:33,1095.1,250,157750
20231228,13:37:47,1095.0,100,157750
20231228,13:38:27,1094.2,100,157750
20231228,13:39:08,1090.0,200,157750
20231228,13:39:18,1090.0,100,157750
20231228,13:39:36,1090.0,100,158550
20231228,13:40:33,1088.1,50,158550
20231228,13:41:11,1090.0,50,158550
20231228,13:41:26,1088.0,50,158550
20231228,13:41:28,1088.0,50,158550
20231228,13:41:42,1083.85,100,158550
20231228,13:41:51,1085.0,100,158550
20231228,13:42:07,1085.0,50,158550
20231228,13:42:38,1085.15,50,159000
20231228,13:42:41,1088.95,50,159000
20231228,13:42:45,1088.95,50,159000
20231228,13:42:51,1089.0,50,159000
20231228,13:42:52,1090.0,100,159000
20231228,13:43:32,1091.55,50,159000
20231228,13:43:38,1090.35,300,159000
20231228,13:43:49,1094.95,250,159000
20231228,13:43:50,1095.0,250,159000
20231228,13:44:10,1095.0,150,159000
20231228,13:44:17,1094.95,50,159000
20231228,13:44:23,1092.35,50,159000
20231228,13:44:28,1092.3,50,159000
20231228,13:44:59,1095.0,50,159000
20231228,13:45:10,1092.0,1050,159000
20231228,13:45:19,1093.0,1450,159000
20231228,13:45:19,1095.0,50,159000
20231228,13:45:26,1092.4,50,159000
20231228,13:45:47,1092.05,1000,161900
20231228,13:45:52,1099.0,250,161900
20231228,13:46:03,1099.0,300,161900
20231228,13:46:04,1095.3,500,161900
20231228,13:46:20,1102.1,50,161900
20231228,13:46:22,1102.1,500,161900
20231228,13:46:23,1102.05,350,161900
20231228,13:46:24,1101.9,100,161900
20231228,13:46:30,1098.35,50,161900
20231228,13:47:04,1095.0,100,161900
20231228,13:47:18,1095.0,50,161900
20231228,13:47:23,1093.0,100,161900
20231228,13:47:24,1090.35,1650,161900
20231228,13:47:31,1092.2,200,161900
20231228,13:47:38,1098.35,50,161900
20231228,13:47:39,1098.35,350,161900
20231228,13:48:13,1092.0,1000,161900
20231228,13:48:28,1099.4,100,161900
20231228,13:48:31,1094.0,100,161900
20231228,13:48:37,1094.0,400,165050
20231228,13:48:53,1095.0,100,165050
20231228,13:49:25,1091.55,450,165050
20231228,13:49:26,1091.6,200,165050
20231228,13:49:34,1092.0,500,165050
20231228,13:49:39,1091.75,100,165050
20231228,13:49:41,1091.75,100,165050
20231228,13:49:42,1091.75,300,165050
20231228,13:49:50,1093.0,500,165050
20231228,13:49:53,1092.95,400,165050
20231228,13:50:06,1090.0,700,165050
20231228,13:50:16,1090.0,900,165050
20231228,13:50:16,1090.0,100,165050
20231228,13:50:17,1093.0,50,165050
20231228,13:51:08,1096.45,50,165050
20231228,13:51:21,1096.25,50,165050
20231228,13:52:27,1091.75,500,168200
20231228,13:53:25,1089.5,500,168200
20231228,13:53:51,1090.0,200,168200
20231228,13:54:21,1088.4,400,168200
20231228,13:54:30,1088.55,100,168200
20231228,13:54:36,1088.6,100,169900
20231228,13:54:37,1088.3,50,169900
20231228,13:54:47,1088.7,250,169900
20231228,13:54:48,1088.7,300,169900
20231228,13:54:57,1090.0,100,169900
20231228,13:55:01,1091.5,50,169900
20231228,13:55:05,1091.5,50,169900
20231228,13:55:10,1091.5,300,169900
20231228,13:55:26,1091.5,350,169900
20231228,13:55:38,1090.2,450,169900
20231228,13:55:48,1090.4,250,169900
20231228,13:55:53,1093.0,550,169900
20231228,13:56:46,1092.6,500,169900
20231228,13:57:05,1092.8,100,169900
20231228,13:57:31,1092.1,300,169900
20231228,13:57:44,1092.2,500,173500
20231228,13:58:10,1095.0,100,173500
20231228,13:58:30,1094.05,50,173500
20231228,13:58:39,1095.0,50,173500
20231228,13:58:46,1098.3,50,173500
20231228,13:58:54,1094.45,500,173500
20231228,13:58:59,1104.9,100,173500
20231228,13:59:12,1102.75,50,173500
20231228,13:59:13,1101.3,50,173500
20231228,13:59:37,1096.95,50,173500
20231228,13:59:38,1095.0,100,173500
20231228,13:59:47,1094.0,100,173500
20231228,13:59:57,1095.0,50,173500
20231228,14:00:17,1093.0,100,173500
20231228,14:00:42,1092.0,100,174950
20231228,14:01:05,1094.85,100,174950
20231228,14:01:13,1090.0,50,174950
20231228,14:01:26,1090.65,50,174950
20231228,14:01:30,1089.95,100,174950
20231228,14:01:44,1092.0,50,174950
20231228,14:01:58,1087.85,1350,174950
20231228,14:02:19,1090.0,50,174950
20231228,14:02:27,1087.75,50,174950
20231228,14:02:29,1090.0,50,174950
20231228,14:02:31,1088.0,50,174950
20231228,14:02:36,1089.9,50,174950
20231228,14:02:48,1084.95,200,174950
20231228,14:02:58,1085.0,50,174950
20231228,14:03:01,1085.0,50,174950
20231228,14:03:08,1083.0,50,174950
20231228,14:03:39,1077.7,450,176900
20231228,14:03:53,1075.95,100,176900
20231228,14:03:55,1075.95,150,176900
20231228,14:03:59,1075.55,100,176900
20231228,14:04:14,1080.0,400,176900
20231228,14:04:30,1075.0,500,176900
20231228,14:04:31,1074.25,150,176900
20231228,14:04:45,1076.0,100,176900
20231228,14:04:47,1076.0,800,176900
20231228,14:04:51,1074.05,100,176900
20231228,14:04:53,1075.0,750,176900
20231228,14:04:56,1074.3,200,176900
20231228,14:05:00,1074.55,50,176900
20231228,14:05:03,1074.0,250,176900
20231228,14:05:14,1078.75,50,176900
20231228,14:05:41,1084.4,50,176900
20231228,14:05:49,1079.2,250,176900
20231228,14:06:21,1085.0,50,176900
20231228,14:06:29,1084.95,350,176900
20231228,14:06:30,1083.05,50,176900
20231228,14:06:43,1082.7,100,180600
20231228,14:06:59,1082.6,50,180600
20231228,14:07:00,1083.0,150,180600
20231228,14:07:05,1082.0,100,180600
20231228,14:07:11,1080.0,250,180600
20231228,14:07:14,1080.0,100,180600
20231228,14:07:19,1080.0,400,180600
20231228,14:07:20,1079.05,50,180600
20231228,14:07:21,1079.0,100,180600
20231228,14:07:22,1079.0,50,180600
20231228,14:07:23,1080.0,50,180600
20231228,14:07:31,1078.8,100,180600
20231228,14:07:33,1078.8,100,180600
20231228,14:07:44,1079.95,100,180600
20231228,14:09:20,1080.0,100,180600
20231228,14:09:41,1080.1,150,180600
20231228,14:09:46,1080.1,50,182350
20231228,14:10:03,1080.05,50,182350
20231228,14:11:04,1084.0,250,182350
20231228,14:11:06,1083.95,50,182350
20231228,14:11:16,1090.2,50,182350
20231228,14:11:17,1087.0,150,182350
20231228,14:12:06,1088.2,50,182350
20231228,14:12:13,1088.25,50,182350
20231228,14:12:31,1090.0,150,182350
20231228,14:12:34,1090.0,100,182350
20231228,14:12:41,1089.0,200,183200
20231228,14:12:54,1090.0,50,183200
20231228,14:13:45,1090.05,200,183200
20231228,14:13:48,1090.05,300,183200
20231228,14:14:10,1092.0,100,183200
20231228,14:14:22,1092.0,500,183200
20231228,14:14:23,1091.45,550,183200
20231228,14:15:05,1092.9,200,183200
20231228,14:15:08,1095.4,50,183200
20231228,14:15:09,1095.45,50,183200
20231228,14:15:10,1095.4,50,183200
20231228,14:15:11,1095.4,50,183200
20231228,14:15:16,1093.6,50,183200
20231228,14:15:19,1092.6,150,183200
20231228,14:15:24,1091.9,200,183200
20231228,14:15:25,1091.85,100,183200
20231228,14:15:31,1091.15,200,183200
20231228,14:15:32,1090.0,700,183200
20231228,14:15:37,1090.0,1800,183200
20231228,14:15:39,1091.0,200,187900
20231228,14:15:40,1091.0,50,187900
20231228,14:15:47,1093.4,50,187900
20231228,14:15:49,1093.4,50,187900
20231228,14:15:54,1090.4,500,187900
20231228,14:16:04,1093.0,50,187900
20231228,14:16:13,1090.15,50,187900
20231228,14:16:15,1091.0,50,187900
20231228,14:16:22,1092.2,50,187900
20231228,14:16:25,1092.2,50,187900
20231228,14:16:27,1092.2,400,187900
20231228,14:17:10,1091.65,500,187900
20231228,14:17:23,1091.05,200,187900
20231228,14:17:39,1092.4,50,187900
20231228,14:17:44,1090.0,1800,187900
20231228,14:17:49,1089.65,500,187900
20231228,14:18:21,1097.1,50,187900
20231228,14:18:51,1094.15,500,192200
20231228,14:18:57,1095.35,300,192200
20231228,14:19:06,1100.0,50,192200
20231228,14:19:10,1100.2,50,192200
20231228,14:19:46,1104.0,50,192200
20231228,14:19:48,1102.05,50,192200
20231228,14:19:56,1102.75,50,192200
20231228,14:20:00,1105.0,500,192200
20231228,14:20:30,1103.55,50,192200
20231228,14:20:32,1109.35,50,192200
20231228,14:20:33,1103.2,100,192200
20231228,14:20:45,1103.0,200,192200
20231228,14:21:24,1100.4,50,192200
20231228,14:21:30,1099.9,50,192200
20231228,14:21:36,1101.75,50,192200
20231228,14:21:49,1103.0,200,194100
20231228,14:21:57,1101.1,200,194100
20231228,14:22:01,1101.05,50,194100
20231228,14:22:02,1100.4,200,194100
20231228,14:22:06,1100.45,50,194100
20231228,14:22:07,1097.4,100,194100
20231228,14:22:12,1097.65,50,194100
20231228,14:22:47,1092.5,50,194100
20231228,14:22:58,1093.2,100,194100
20231228,14:23:03,1093.85,50,194100
20231228,14:23:07,1093.55,200,194100
20231228,14:23:26,1097.6,50,194100
20231228,14:23:34,1095.0,200,194100
20231228,14:23:40,1093.5,300,194100
20231228,14:23:43,1094.5,50,194100
20231228,14:24:09,1095.0,150,194100
20231228,14:24:26,1094.4,50,194100
20231228,14:24:52,1096.0,250,194100
20231228,14:24:57,1098.0,50,196000
20231228,14:25:06,1097.9,250,196000
20231228,14:25:07,1098.0,50,196000
20231228,14:25:09,1097.9,50,196000
20231228,14:25:11,1097.9,200,196000
20231228,14:25:15,1097.95,100,196000
20231228,14:25:24,1098.1,100,196000
20231228,14:25:31,1096.6,200,196000
20231228,14:26:03,1097.45,50,196000
20231228,14:26:06,1095.4,50,196000
20231228,14:26:20,1094.0,250,196000
20231228,14:26:24,1094.0,150,196000
20231228,14:26:28,1093.4,100,196000
20231228,14:26:29,1090.0,100,196000
20231228,14:26:35,1092.0,500,196000
20231228,14:26:46,1092.7,50,196000
20231228,14:26:54,1093.35,100,196000
20231228,14:26:55,1093.35,50,196000
20231228,14:26:56,1093.35,50,196000
20231228,14:26:59,1095.5,200,196000
20231228,14:27:13,1091.35,300,196000
20231228,14:27:15,1094.0,50,196000
20231228,14:27:17,1091.55,800,196000
20231228,14:27:18,1094.0,100,196000
20231228,14:27:27,1090.2,50,196000
20231228,14:27:29,1090.45,100,196000
20231228,14:27:34,1093.95,100,196000
20231228,14:27:36,1089.9,50,196000
20231228,14:27:45,1088.05,250,198750
20231228,14:27:53,1090.05,100,198750
20231228,14:27:54,1089.9,50,198750
20231228,14:28:22,1089.0,50,198750
20231228,14:28:26,1087.8,200,198750
20231228,14:28:34,1087.8,50,198750
20231228,14:28:37,1087.75,50,198750
20231228,14:28:47,1086.0,350,198750
20231228,14:28:48,1086.0,50,198750
20231228,14:29:07,1087.8,50,198750
20231228,14:29:12,1091.35,250,198750
20231228,14:29:14,1086.25,50,198750
20231228,14:29:30,1088.95,50,198750
20231228,14:29:48,1092.15,350,198750
20231228,14:29:57,1095.0,50,198750
20231228,14:29:58,1092.25,50,198750
20231228,14:30:05,1095.0,50,198750
20231228,14:30:22,1093.75,50,198750
20231228,14:30:26,1092.5,200,198750
20231228,14:30:30,1094.05,400,198750
20231228,14:30:31,1093.05,250,198750
20231228,14:30:34,1094.35,50,198750
20231228,14:30:49,1095.0,100,201100
20231228,14:30:51,1092.75,100,201100
20231228,14:31:01,1095.0,1000,201100
20231228,14:31:10,1098.0,50,201100
20231228,14:31:17,1098.0,50,201100
20231228,14:31:22,1100.8,50,201100
20231228,14:31:33,1096.05,50,201100
20231228,14:31:35,1095.0,500,201100
20231228,14:31:41,1097.0,50,201100
20231228,14:31:42,1097.0,50,201100
20231228,14:31:45,1096.95,50,201100
20231228,14:31:48,1095.5,50,201100
20231228,14:31:49,1095.95,50,201100
20231228,14:31:51,1095.75,50,201100
20231228,14:31:53,1093.85,50,201100
20231228,14:31:54,1093.85,50,201100
20231228,14:31:56,1092.95,50,201100
20231228,14:31:58,1092.0,50,201100
20231228,14:31:59,1090.0,500,201100
20231228,14:32:00,1090.0,550,201100
20231228,14:32:02,1092.0,50,201100
20231228,14:32:03,1092.0,350,201100
20231228,14:32:04,1093.0,50,201100
20231228,14:32:08,1093.0,50,201100
20231228,14:32:10,1093.0,50,201100
20231228,14:32:11,1092.95,50,201100
20231228,14:32:13,1093.0,50,201100
20231228,14:32:16,1093.95,50,201100
20231228,14:32:20,1093.9,50,201100
20231228,14:32:21,1093.9,150,201100
20231228,14:32:23,1093.9,50,201100
20231228,14:32:25,1093.9,50,201100
20231228,14:32:29,1093.9,50,201100
20231228,14:32:31,1091.05,100,201100
20231228,14:32:32,1091.05,200,201100
20231228,14:32:33,1091.05,300,201100
20231228,14:32:34,1091.05,250,201100
20231228,14:32:35,1091.0,100,201100
20231228,14:32:40,1091.0,50,201100
20231228,14:32:57,1090.85,100,201100
20231228,14:33:17,1092.0,500,201100
20231228,14:33:24,1093.0,150,201100
20231228,14:33:37,1091.95,50,201100
20231228,14:33:40,1091.95,100,201100
20231228,14:33:52,1091.9,100,205950
20231228,14:34:12,1089.7,550,205950
20231228,14:34:14,1089.7,50,205950
20231228,14:34:38,1090.2,50,205950
20231228,14:34:39,1089.15,600,205950
20231228,14:34:40,1090.2,100,205950
20231228,14:34:46,1090.0,150,205950
20231228,14:34:53,1095.5,50,205950
20231228,14:35:01,1092.95,50,205950
20231228,14:35:14,1093.0,100,205950
20231228,14:35:17,1091.55,50,205950
20231228,14:35:28,1091.5,50,205950
20231228,14:35:29,1090.9,300,205950
20231228,14:35:30,1090.6,200,205950
20231228,14:35:31,1090.6,50,205950
20231228,14:35:42,1091.7,50,205950
20231228,14:35:52,1093.95,50,205950
20231228,14:35:56,1090.0,100,205950
20231228,14:36:02,1093.0,50,205950
20231228,14:36:07,1093.0,50,205950
20231228,14:36:09,1093.0,100,205950
20231228,14:36:18,1093.0,50,205950
20231228,14:37:59,1095.0,100,208600
20231228,14:38:08,1094.0,50,208600
20231228,14:38:09,1093.3,50,208600
20231228,14:38:25,1098.5,50,208600
20231228,14:38:32,1094.05,250,208600
20231228,14:38:33,1094.2,1850,208600
20231228,14:39:02,1100.8,50,208600
20231228,14:39:18,1095.95,50,208600
20231228,14:39:35,1097.15,50,208600
20231228,14:39:36,1098.0,500,208600
20231228,14:39:55,1097.0,50,211400
20231228,14:40:45,1102.4,50,211400
20231228,14:40:47,1099.95,100,211400
20231228,14:40:48,1101.7,50,211400
20231228,14:40:53,1100.0,250,211400
20231228,14:40:58,1100.05,400,211400
20231228,14:41:04,1101.4,1000,211400
20231228,14:41:06,1103.65,50,211400
20231228,14:41:26,1103.8,50,211400
20231228,14:41:43,1098.65,100,211400
20231228,14:41:52,1099.0,300,211400
20231228,14:42:00,1098.7,100,211400
20231228,14:42:08,1097.1,300,211400
20231228,14:42:16,1098.15,50,211400
20231228,14:42:24,1097.0,50,211400
20231228,14:42:33,1095.0,550,211400
20231228,14:42:41,1093.6,250,211400
20231228,14:43:07,1095.0,400,214700
20231228,14:43:27,1098.0,1100,214700
20231228,14:43:40,1097.0,250,214700
20231228,14:43:42,1100.0,100,214700
20231228,14:43:58,1096.4,50,214700
20231228,14:44:00,1100.0,50,214700
20231228,14:44:02,1097.0,50,214700
20231228,14:44:06,1097.15,400,214700
20231228,14:44:12,1097.1,50,214700
20231228,14:44:16,1097.05,50,214700
20231228,14:44:45,1096.8,150,214700
20231228,14:44:55,1095.0,3650,214700
20231228,14:44:57,1095.0,1400,214700
20231228,14:44:59,1097.0,100,214700
20231228,14:45:03,1094.15,750,214700
20231228,14:45:23,1093.65,500,214700
20231228,14:45:50,1093.0,500,222650
20231228,14:46:02,1095.0,650,222650
20231228,14:46:06,1093.7,100,222650
20231228,14:46:33,1094.0,1800,222650
20231228,14:46:35,1094.15,200,222650
20231228,14:46:40,1098.95,50,222650
20231228,14:46:50,1100.0,200,222650
20231228,14:46:51,1097.25,450,222650
20231228,14:46:59,1100.0,50,222650
20231228,14:47:04,1097.85,550,222650
20231228,14:47:13,1100.0,100,222650
20231228,14:47:15,1098.55,50,222650
20231228,14:47:33,1100.0,500,222650
20231228,14:47:56,1100.0,500,222650
20231228,14:48:18,1105.45,50,222650
20231228,14:48:39,1107.15,50,222650
20231228,14:48:43,1108.6,50,222650
20231228,14:48:46,1110.3,50,228450
20231228,14:48:54,1115.0,50,228450
20231228,14:49:35,1109.0,100,228450
20231228,14:49:39,1107.0,50,228450
20231228,14:49:46,1107.0,200,228450
20231228,14:49:49,1108.35,50,228450
20231228,14:50:08,1103.0,50,228450
20231228,14:50:16,1099.75,250,228450
20231228,14:50:24,1102.0,450,228450
20231228,14:50:33,1104.3,150,228450
20231228,14:50:42,1108.65,50,228450
20231228,14:50:51,1103.8,50,228450
20231228,14:51:08,1104.45,350,228450
20231228,14:51:15,1105.0,5350,228450
20231228,14:51:40,1102.0,50,228450
20231228,14:51:42,1100.15,50,228450
20231228,14:51:55,1100.2,500,228450
20231228,14:51:59,1100.6,250,235050
20231228,14:52:47,1100.0,1600,235050
20231228,14:52:51,1100.0,1000,235050
20231228,14:52:55,1100.0,1250,235050
20231228,14:52:57,1100.0,150,235050
20231228,14:52:59,1100.0,1000,235050
20231228,14:53:01,1099.25,50,235050
20231228,14:53:05,1099.25,100,235050
20231228,14:53:08,1099.05,100,235050
20231228,14:53:42,1099.9,200,235050
20231228,14:53:47,1104.95,200,235050
20231228,14:53:49,1105.6,50,235050
20231228,14:54:07,1101.95,50,235050
20231228,14:54:35,1101.9,50,235050
20231228,14:54:38,1104.9,150,235050
20231228,14:54:44,1102.15,250,235050
20231228,14:54:58,1099.75,100,241650
20231228,14:54:59,1099.75,50,241650
20231228,14:55:07,1102.0,500,241650
20231228,14:55:17,1098.9,50,241650
20231228,14:55:24,1092.75,200,241650
20231228,14:55:33,1092.75,400,241650
20231228,14:55:34,1094.0,400,241650
20231228,14:55:42,1091.15,50,241650
20231228,14:55:43,1091.15,100,241650
20231228,14:55:50,1091.95,250,241650
20231228,14:55:51,1090.45,200,241650
20231228,14:55:57,1090.4,200,241650
20231228,14:56:12,1090.05,50,241650
20231228,14:56:15,1090.05,50,241650
20231228,14:56:25,1092.0,300,241650
20231228,14:56:31,1092.0,100,241650
20231228,14:56:36,1090.05,700,241650
20231228,14:56:38,1090.15,100,241650
20231228,14:56:40,1090.15,100,241650
20231228,14:56:48,1090.15,100,241650
20231228,14:56:53,1088.35,650,241650
20231228,14:57:02,1088.35,350,241650
20231228,14:57:09,1088.45,50,241650
20231228,14:57:11,1087.75,400,241650
20231228,14:57:13,1087.2,50,241650
20231228,14:57:21,1082.6,150,241650
20231228,14:57:32,1086.7,50,241650
20231228,14:57:42,1080.55,250,241650
20231228,14:57:47,1081.05,50,247450
20231228,14:57:48,1077.0,600,247450
20231228,14:57:51,1080.4,50,247450
20231228,14:57:55,1080.75,550,247450
20231228,14:58:01,1082.6,100,247450
20231228,14:58:12,1079.45,50,247450
20231228,14:58:13,1077.1,50,247450
20231228,14:58:15,1081.0,150,247450
20231228,14:58:19,1081.0,250,247450
20231228,14:58:21,1077.5,100,247450
20231228,14:58:23,1079.05,50,247450
20231228,14:58:28,1076.75,50,247450
20231228,14:58:29,1078.15,50,247450
20231228,14:58:30,1075.35,100,247450
20231228,14:58:31,1078.4,50,247450
20231228,14:58:32,1074.2,50,247450
20231228,14:58:38,1075.1,50,247450
20231228,14:58:40,1075.7,50,247450
20231228,14:58:41,1078.6,50,247450
20231228,14:58:46,1078.95,50,247450
20231228,14:58:47,1078.85,50,247450
20231228,14:58:51,1079.7,100,247450
20231228,14:58:52,1081.0,250,247450
20231228,14:58:53,1081.0,250,247450
20231228,14:58:57,1083.65,50,247450
20231228,14:58:58,1084.1,50,247450
20231228,14:59:02,1080.95,50,247450
20231228,14:59:13,1082.25,50,247450
20231228,14:59:21,1085.25,50,247450
20231228,14:59:25,1082.95,50,247450
20231228,14:59:26,1086.75,150,247450
20231228,14:59:51,1085.0,950,247450
20231228,14:59:52,1085.0,1100,247450
20231228,14:59:58,1083.1,50,247450
20231228,14:59:59,1085.0,450,247450
20231228,15:00:02,1086.3,50,247450
20231228,15:00:03,1084.0,100,247450
20231228,15:00:06,1080.85,150,247450
20231228,15:00:14,1074.75,200,247450
20231228,15:00:17,1077.3,50,247450
20231228,15:00:20,1073.45,50,247450
20231228,15:00:22,1072.05,700,247450
20231228,15:00:23,1072.05,50,247450
20231228,15:00:27,1075.0,150,247450
20231228,15:00:32,1070.85,450,247450
20231228,15:00:35,1074.05,50,247450
20231228,15:00:36,1073.75,100,247450
20231228,15:00:37,1074.0,50,247450
20231228,15:00:39,1075.0,750,247450
20231228,15:00:44,1079.0,100,247450
20231228,15:00:46,1079.75,50,247450
20231228,15:00:47,1082.1,50,247450
20231228,15:00:48,1078.65,50,254950
20231228,15:00:50,1083.35,50,254950
20231228,15:00:52,1080.05,100,254950
20231228,15:00:54,1084.1,50,254950
20231228,15:00:56,1084.95,50,254950
20231228,15:01:00,1081.7,50,254950
20231228,15:01:15,1074.55,50,254950
20231228,15:01:23,1078.6,1550,254950
20231228,15:01:32,1085.6,250,254950
20231228,15:01:41,1086.35,100,254950
20231228,15:01:51,1089.25,300,254950
20231228,15:02:11,1090.4,50,254950
20231228,15:02:15,1083.35,100,254950
20231228,15:02:16,1085.8,50,254950
20231228,15:02:20,1086.75,50,254950
20231228,15:02:35,1096.0,50,254950
20231228,15:02:43,1095.15,150,254950
20231228,15:02:56,1085.15,50,254950
20231228,15:03:02,1084.8,50,254950
20231228,15:03:05,1085.0,200,254950
20231228,15:03:09,1085.0,500,254950
20231228,15:03:26,1085.0,300,254950
20231228,15:03:32,1084.55,50,254950
20231228,15:03:33,1085.0,250,254950
20231228,15:04:10,1080.0,250,254950
20231228,15:04:11,1080.0,50,258800
20231228,15:04:41,1080.0,150,258800
20231228,15:04:59,1082.05,550,258800
20231228,15:05:08,1077.8,50,258800
20231228,15:05:17,1077.2,50,258800
20231228,15:05:28,1083.15,250,258800
20231228,15:05:39,1083.35,50,258800
20231228,15:05:58,1075.0,150,258800
20231228,15:06:07,1074.75,1050,258800
20231228,15:06:15,1075.1,1300,258800
20231228,15:06:16,1075.1,150,258800
20231228,15:06:17,1076.2,400,258800
20231228,15:06:19,1076.65,400,258800
20231228,15:06:21,1076.0,50,258800
20231228,15:06:21,1074.25,100,258800
20231228,15:06:22,1073.95,1750,258800
20231228,15:06:27,1074.45,650,258800
20231228,15:06:28,1074.1,300,258800
20231228,15:06:29,1073.2,100,258800
20231228,15:06:42,1076.4,50,258800
20231228,15:06:43,1080.0,100,258800
20231228,15:06:47,1076.75,200,258800
20231228,15:06:56,1078.65,50,266300
20231228,15:07:02,1076.85,50,266300
20231228,15:07:31,1073.85,100,266300
20231228,15:07:31,1077.0,250,266300
20231228,15:08:09,1075.0,100,266300
20231228,15:08:33,1077.0,50,266300
20231228,15:08:42,1077.0,250,266300
20231228,15:09:10,1076.0,50,266300
20231228,15:09:20,1071.95,350,266300
20231228,15:09:30,1070.0,50,266300
20231228,15:09:48,1070.0,2600,266300
20231228,15:09:59,1068.0,2800,269500
20231228,15:10:15,1072.0,1800,269500
20231228,15:10:19,1072.5,400,269500
20231228,15:10:21,1072.35,500,269500
20231228,15:10:34,1072.35,1800,269500
20231228,15:10:38,1072.35,1800,269500
20231228,15:10:39,1072.35,50,269500
20231228,15:10:41,1072.35,1800,269500
20231228,15:11:00,1075.0,500,269500
20231228,15:11:03,1075.0,600,269500
20231228,15:11:11,1073.9,50,269500
20231228,15:11:13,1075.95,300,269500
20231228,15:11:13,1076.0,600,269500
20231228,15:11:28,1072.65,1100,269500
20231228,15:11:31,1076.6,50,269500
20231228,15:11:32,1076.6,50,269500
20231228,15:11:37,1071.8,550,269500
20231228,15:11:41,1077.5,50,269500
20231228,15:11:43,1073.0,50,269500
20231228,15:11:44,1073.0,150,269500
20231228,15:11:47,1072.4,500,269500
20231228,15:11:49,1072.4,800,269500
20231228,15:11:51,1072.45,350,269500
20231228,15:11:52,1077.2,300,269500
20231228,15:12:01,1072.15,50,269500
20231228,15:12:02,1072.35,50,269500
20231228,15:12:07,1071.45,1550,269500
20231228,15:12:14,1071.05,100,269500
20231228,15:12:25,1072.2,50,269500
20231228,15:12:28,1072.05,550,269500
20231228,15:12:29,1071.7,50,269500
20231228,15:12:31,1077.4,50,269500
20231228,15:13:01,1075.0,500,287150
20231228,15:13:09,1076.95,350,287150
20231228,15:13:13,1077.0,500,287150
20231228,15:13:14,1075.0,100,287150
20231228,15:13:19,1078.0,400,287150
20231228,15:13:30,1078.0,250,287150
20231228,15:13:35,1077.05,100,287150
20231228,15:13:43,1078.05,200,287150
20231228,15:13:45,1078.3,50,287150
20231228,15:13:46,1081.85,200,287150
20231228,15:13:51,1078.9,50,287150
20231228,15:13:52,1082.1,100,287150
20231228,15:14:00,1082.8,100,287150
20231228,15:14:06,1080.0,500,287150
20231228,15:14:10,1079.1,200,287150
20231228,15:14:12,1082.0,200,287150
20231228,15:14:18,1077.3,200,287150
20231228,15:14:28,1076.2,50,287150
20231228,15:14:33,1075.6,50,287150
20231228,15:14:36,1077.0,100,287150
20231228,15:14:40,1075.65,300,287150
20231228,15:14:42,1076.4,200,287150
20231228,15:14:45,1073.65,50,287150
20231228,15:14:50,1072.75,400,287150
20231228,15:15:02,1072.0,500,287150
20231228,15:15:04,1070.55,100,287150
20231228,15:15:05,1073.0,150,287150
20231228,15:15:10,1070.3,700,287150
20231228,15:15:11,1070.35,100,287150
20231228,15:15:12,1068.9,100,287150
20231228,15:15:17,1068.9,50,287150
20231228,15:15:21,1068.9,150,287150
20231228,15:15:27,1072.0,50,287150
20231228,15:15:35,1072.0,50,287150
20231228,15:15:39,1068.3,650,287150
20231228,15:15:46,1070.0,500,287150
20231228,15:15:49,1071.2,100,293650
20231228,15:16:00,1067.9,50,293650
20231228,15:16:02,1067.75,150,293650
20231228,15:16:23,1067.9,250,293650
20231228,15:16:32,1068.9,150,293650
20231228,15:16:41,1066.7,650,293650
20231228,15:16:52,1067.15,200,293650
20231228,15:17:04,1069.65,300,293650
20231228,15:17:14,1071.85,50,293650
20231228,15:17:33,1074.5,100,293650
20231228,15:17:52,1076.15,650,293650
20231228,15:18:15,1072.6,100,293650
20231228,15:18:19,1073.0,50,293650
20231228,15:18:36,1073.55,50,293650
20231228,15:18:38,1076.5,100,293650
20231228,15:18:47,1073.0,100,293650
20231228,15:19:05,1073.45,100,293950
20231228,15:19:08,1074.5,600,293950
20231228,15:19:27,1070.0,500,293950
20231228,15:19:28,1073.3,50,293950
20231228,15:19:33,1067.15,50,293950
20231228,15:19:45,1067.1,250,293950
20231228,15:19:47,1069.0,100,293950
20231228,15:19:58,1070.0,200,293950
20231228,15:19:59,1068.0,100,293950
20231228,15:20:05,1070.0,150,293950
20231228,15:20:06,1070.0,150,293950
20231228,15:20:09,1066.05,2250,293950
20231228,15:20:10,1068.05,250,293950
20231228,15:20:14,1065.25,100,293950
20231228,15:20:21,1066.4,50,293950
20231228,15:20:22,1066.35,50,293950
20231228,15:20:28,1070.0,300,293950
20231228,15:20:34,1067.4,200,293950
20231228,15:20:35,1071.9,100,293950
20231228,15:20:36,1071.9,450,293950
20231228,15:20:37,1071.95,50,293950
20231228,15:20:38,1067.95,450,293950
20231228,15:20:46,1072.55,150,293950
20231228,15:20:48,1067.35,50,293950
20231228,15:20:49,1067.15,300,293950
20231228,15:20:53,1065.7,1900,293950
20231228,15:20:54,1065.5,2450,293950
20231228,15:20:55,1072.6,150,293950
20231228,15:21:26,1067.5,100,293950
20231228,15:21:32,1069.0,500,293950
20231228,15:21:42,1070.0,500,293950
20231228,15:21:55,1068.95,50,302500
20231228,15:22:00,1071.65,100,302500
20231228,15:22:01,1070.8,200,302500
20231228,15:22:02,1071.9,100,302500
20231228,15:22:08,1072.4,450,302500
20231228,15:22:09,1072.55,100,302500
20231228,15:22:21,1072.1,100,302500
20231228,15:22:24,1072.0,50,302500
20231228,15:22:25,1072.6,200,302500
20231228,15:22:27,1074.25,50,302500
20231228,15:22:36,1075.55,50,302500
20231228,15:22:39,1076.4,100,302500
20231228,15:22:40,1073.0,100,302500
20231228,15:22:43,1076.55,50,302500
20231228,15:22:45,1076.6,50,302500
20231228,15:23:03,1078.15,550,302500
20231228,15:23:06,1077.0,250,302500
20231228,15:23:09,1077.0,50,302500
20231228,15:23:13,1077.0,50,302500
20231228,15:23:15,1077.0,50,302500
20231228,15:23:18,1077.0,50,302500
20231228,15:23:19,1079.45,100,302500
20231228,15:23:20,1078.6,150,302500
20231228,15:23:23,1074.0,400,302500
20231228,15:23:27,1076.0,150,302500
20231228,15:23:45,1080.4,150,302500
20231228,15:23:51,1076.4,50,302500
20231228,15:23:53,1079.0,50,302500
20231228,15:24:04,1088.6,350,302500
20231228,15:24:06,1090.35,500,302500
20231228,15:24:08,1085.2,50,302500
20231228,15:24:09,1092.5,250,302500
20231228,15:24:11,1085.9,1500,302500
20231228,15:24:11,1086.2,100,302500
20231228,15:24:13,1093.25,1450,302500
20231228,15:24:14,1094.2,600,302500
20231228,15:24:22,1090.0,300,302500
20231228,15:24:23,1097.15,700,302500
20231228,15:24:24,1090.2,100,302500
20231228,15:24:27,1098.85,800,302500
20231228,15:24:38,1091.6,50,302500
20231228,15:24:42,1099.55,450,302500
20231228,15:24:59,1087.4,50,306600
20231228,15:25:03,1082.85,50,306600
20231228,15:25:04,1083.05,50,306600
20231228,15:25:07,1080.55,100,306600
20231228,15:25:12,1076.05,50,306600
20231228,15:25:13,1076.05,50,306600
20231228,15:25:14,1074.4,50,306600
20231228,15:25:17,1072.9,600,306600
20231228,15:25:20,1072.55,400,306600
20231228,15:25:21,1072.4,150,306600
20231228,15:25:25,1072.45,50,306600
20231228,15:25:26,1073.0,100,306600
20231228,15:25:30,1080.05,1100,306600
20231228,15:25:34,1079.3,100,306600
20231228,15:25:36,1075.0,500,306600
20231228,15:25:42,1072.2,100,306600
20231228,15:25:43,1072.2,200,306600
20231228,15:25:54,1074.4,450,306600
20231228,15:25:56,1075.05,50,306600
20231228,15:25:57,1075.35,50,306600
20231228,15:25:59,1081.5,50,306600
20231228,15:26:02,1074.95,100,306600
20231228,15:26:03,1081.25,100,306600
20231228,15:26:04,1075.2,100,306600
20231228,15:26:08,1082.1,50,306600
20231228,15:26:09,1081.85,150,306600
20231228,15:26:10,1081.25,50,306600
20231228,15:26:13,1082.55,100,306600
20231228,15:26:14,1075.5,100,306600
20231228,15:26:17,1076.8,50,306600
20231228,15:26:18,1082.45,100,306600
20231228,15:26:21,1075.8,50,306600
20231228,15:26:27,1087.15,100,306600
20231228,15:26:37,1088.6,1000,306600
20231228,15:26:38,1088.9,50,306600
20231228,15:26:41,1083.15,100,306600
20231228,15:26:45,1084.9,50,306600
20231228,15:26:46,1085.5,100,306600
20231228,15:26:47,1085.65,400,306600
20231228,15:26:48,1085.65,350,306600
20231228,15:26:49,1085.05,200,306600
20231228,15:26:50,1085.5,50,306600
20231228,15:26:51,1084.55,100,306600
20231228,15:26:55,1084.7,550,306600
20231228,15:26:55,1084.95,50,306600
20231228,15:26:56,1084.5,50,306600
20231228,15:26:59,1084.1,50,306600
20231228,15:27:00,1088.25,50,306600
20231228,15:27:05,1082.0,50,306600
20231228,15:27:09,1080.1,150,306600
20231228,15:27:10,1086.5,50,306600
20231228,15:27:11,1086.25,50,306600
20231228,15:27:17,1079.0,1800,306600
20231228,15:27:17,1083.8,300,306600
20231228,15:27:24,1080.0,950,306600
20231228,15:27:26,1080.0,150,306600
20231228,15:27:26,1080.0,250,306600
20231228,15:27:27,1080.0,650,306600
20231228,15:27:37,1081.0,150,306600
20231228,15:27:40,1077.45,100,306600
20231228,15:27:49,1077.9,450,306600
20231228,15:27:54,1080.05,400,313150
20231228,15:27:56,1079.7,100,313150
20231228,15:27:57,1079.8,50,313150
20231228,15:27:58,1079.9,50,313150
20231228,15:28:04,1077.6,300,313150
20231228,15:28:12,1078.5,50,313150
20231228,15:28:17,1082.5,1000,313150
20231228,15:28:21,1081.05,50,313150
20231228,15:28:22,1082.0,100,313150
20231228,15:28:27,1080.85,50,313150
20231228,15:28:30,1079.8,100,313150
20231228,15:28:31,1079.75,1050,313150
20231228,15:28:32,1079.75,100,313150
20231228,15:28:38,1082.0,1000,313150
20231228,15:28:38,1079.75,50,313150
20231228,15:28:47,1079.75,50,313150
20231228,15:28:51,1078.0,1500,313150
20231228,15:28:57,1077.65,50,313150
20231228,15:28:58,1078.3,100,313150
20231228,15:28:59,1078.3,250,313150
20231228,15:29:02,1077.9,1500,313150
20231228,15:29:07,1080.0,200,313150
20231228,15:29:16,1080.0,50,313150
20231228,15:29:30,1078.4,50,313150
20231228,15:29:31,1080.0,600,313150
20231228,15:29:35,1082.5,500,313150
20231228,15:29:36,1084.45,50,313150
20231228,15:29:38,1080.5,500,313150
20231228,15:29:39,1082.0,100,313150
20231228,15:29:40,1079.35,50,313150
20231228,15:29:43,1079.55,350,313150
20231228,15:29:45,1080.25,450,313150
20231228,15:29:52,1081.25,50,313150
20231228,15:29:53,1079.95,900,313150
20231228,15:29:55,1079.15,300,313150
20231228,15:29:56,1079.75,300,313150
20231229,09:16:02,1136.15,1,325000
20231229,09:16:02,1136.2,150,325000
20231229,09:16:07,1134.75,300,325000
20231229,09:16:32,1131.5,50,325000
20231229,09:16:36,1131.5,600,325000
20231229,09:16:45,1140.0,50,325000
20231229,09:17:02,1136.6,100,325000
20231229,09:17:12,1139.4,50,326000
20231229,09:17:28,1140.0,300,326000
20231229,09:17:49,1143.0,100,326000
20231229,09:18:01,1143.0,100,326000
20231229,09:18:04,1148.0,50,326000
20231229,09:18:44,1148.0,1600,326000
20231229,09:18:57,1143.0,500,326000
20231229,09:19:05,1147.95,100,326000
20231229,09:19:09,1142.0,500,326000
20231229,09:19:31,1143.0,50,326000
20231229,09:19:32,1143.35,150,326000
20231229,09:19:53,1140.0,50,326000
20231229,09:19:55,1140.0,150,326000
20231229,09:20:00,1140.0,50,326000
20231229,09:20:01,1135.55,50,326000
20231229,09:20:11,1140.0,50,326000
20231229,09:20:54,1134.35,50,327700
20231229,09:21:02,1130.0,900,327700
20231229,09:21:14,1130.0,500,327700
20231229,09:21:19,1130.0,50,327700
20231229,09:21:23,1139.45,50,327700
20231229,09:21:35,1129.3,100,327700
20231229,09:21:42,1129.3,50,327700
20231229,09:22:00,1135.95,100,327700
20231229,09:22:15,1130.75,50,327700
20231229,09:22:19,1137.85,50,327700
20231229,09:22:52,1133.8,300,327700
20231229,09:22:56,1134.35,100,327700
20231229,09:22:57,1134.25,50,327700
20231229,09:22:58,1133.4,50,327700
20231229,09:23:00,1126.45,300,327700
20231229,09:23:05,1132.7,50,327700
20231229,09:23:19,1133.75,50,328950
20231229,09:23:21,1125.7,150,328950
20231229,09:23:26,1125.7,50,328950
20231229,09:23:31,1127.05,50,328950
20231229,09:23:36,1127.1,50,328950
20231229,09:23:53,1126.0,50,328950
20231229,09:23:53,1125.55,100,328950
20231229,09:23:55,1125.15,100,328950
20231229,09:23:57,1126.45,100,328950
20231229,09:24:14,1120.5,50,328950
20231229,09:24:18,1119.95,50,328950
20231229,09:24:19,1119.8,150,328950
20231229,09:24:24,1114.4,50,328950
20231229,09:24:25,1114.4,50,328950
20231229,09:24:26,1117.3,50,328950
20231229,09:24:30,1118.0,50,328950
20231229,09:24:31,1117.0,400,328950
20231229,09:24:32,1116.85,550,328950
20231229,09:24:40,1128.45,550,328950
20231229,09:25:19,1129.35,50,328950
20231229,09:25:49,1120.35,50,328950
20231229,09:26:05,1122.8,100,328950
20231229,09:26:20,1125.15,50,329950
20231229,09:26:24,1122.0,500,329950
20231229,09:26:54,1121.0,100,329950
20231229,09:26:59,1120.0,150,329950
20231229,09:27:00,1121.35,50,329950
20231229,09:27:07,1114.05,50,329950
20231229,09:27:19,1114.05,50,329950
20231229,09:27:20,1119.15,100,329950
20231229,09:27:28,1110.45,350,329950
20231229,09:27:29,1110.45,100,329950
20231229,09:27:30,1108.3,300,329950
20231229,09:27:31,1108.3,150,329950
20231229,09:27:32,1113.9,100,329950
20231229,09:27:34,1114.95,50,329950
20231229,09:27:48,1110.55,350,329950
20231229,09:27:49,1110.5,100,329950
20231229,09:27:55,1110.5,150,329950
20231229,09:28:05,1107.2,150,329950
20231229,09:28:12,1107.2,50,329950
20231229,09:28:13,1106.45,50,329950
20231229,09:28:14,1106.45,50,329950
20231229,09:28:17,1105.4,200,329950
20231229,09:28:19,1105.4,50,329950
20231229,09:28:24,1109.7,50,329950
20231229,09:28:27,1110.95,50,329950
20231229,09:29:00,1111.0,500,329950
20231229,09:29:20,1115.0,50,332000
20231229,09:29:28,1108.85,50,332000
20231229,09:30:19,1116.3,50,332000
20231229,09:30:27,1110.95,50,332000
20231229,09:30:31,1108.75,50,332000
20231229,09:30:37,1106.05,50,332000
20231229,09:30:43,1105.35,50,332000
20231229,09:30:47,1104.4,50,332000
20231229,09:30:54,1104.4,50,332000
20231229,09:30:57,1102.75,50,332000
20231229,09:30:59,1102.75,50,332000
20231229,09:31:01,1101.65,150,332000
20231229,09:31:17,1106.0,50,332000
20231229,09:31:20,1110.1,50,332000
20231229,09:31:27,1100.8,50,332000
20231229,09:31:31,1100.8,50,332000
20231229,09:31:34,1109.0,150,332000
20231229,09:31:52,1112.3,100,332000
20231229,09:32:19,1110.9,50,332000
20231229,09:32:35,1102.65,50,332750
20231229,09:32:59,1097.85,50,332750
20231229,09:33:05,1095.35,300,332750
20231229,09:33:18,1100.25,100,332750
20231229,09:33:20,1099.05,50,332750
20231229,09:33:30,1092.65,50,332750
20231229,09:33:32,1092.65,50,332750
20231229,09:33:45,1093.4,50,332750
20231229,09:33:55,1092.1,150,332750
20231229,09:34:04,1092.1,50,332750
20231229,09:34:05,1095.15,50,332750
20231229,09:34:46,1088.8,100,332750
20231229,09:34:52,1088.8,50,332750
20231229,09:35:02,1087.0,500,332750
20231229,09:35:32,1086.0,50,333200
20231229,09:35:40,1086.0,50,333200
20231229,09:35:42,1086.0,50,333200
20231229,09:36:02,1092.4,50,333200
20231229,09:36:03,1090.0,100,333200
20231229,09:36:58,1092.95,50,333200
20231229,09:37:08,1087.8,100,333200
20231229,09:37:31,1097.2,150,333200
20231229,09:37:41,1091.05,50,333200
20231229,09:38:41,1097.95,50,333400
20231229,09:38:42,1102.8,1050,333400
20231229,09:38:43,1103.85,100,333400
20231229,09:38:44,1103.5,400,333400
20231229,09:38:45,1104.2,400,333400
20231229,09:38:46,1103.55,100,333400
20231229,09:38:47,1103.2,250,333400
20231229,09:38:50,1101.4,50,333400
20231229,09:38:55,1103.45,200,333400
20231229,09:38:56,1101.5,200,333400
20231229,09:38:58,1101.3,150,333400
20231229,09:39:01,1101.65,50,333400
20231229,09:39:02,1102.8,50,333400
20231229,09:39:03,1102.8,50,333400
20231229,09:39:04,1102.35,150,333400
20231229,09:39:06,1098.4,50,333400
20231229,09:39:13,1107.3,50,333400
20231229,09:39:17,1104.35,50,333400
20231229,09:39:18,1104.9,100,333400
20231229,09:39:20,1105.1,100,333400
20231229,09:39:21,1104.75,50,333400
20231229,09:39:24,1099.05,50,333400
20231229,09:39:30,1107.55,50,333400
20231229,09:39:35,1110.15,100,333400
20231229,09:39:38,1110.2,50,333400
20231229,09:39:41,1110.55,50,333400
20231229,09:39:44,1111.25,50,333400
20231229,09:39:55,1108.55,50,333400
20231229,09:40:00,1108.55,50,333400
20231229,09:40:06,1110.85,150,333400
20231229,09:40:07,1110.95,50,333400
20231229,09:40:09,1111.0,50,333400
20231229,09:40:10,1111.75,100,333400
20231229,09:40:19,1113.95,50,333400
20231229,09:40:49,1113.35,50,333400
20231229,09:40:50,1114.75,100,333400
20231229,09:41:15,1110.0,200,332450
20231229,09:41:16,1110.95,50,332450
20231229,09:41:17,1111.0,50,332450
20231229,09:41:19,1111.0,100,332450
20231229,09:41:20,1111.0,50,332450
20231229,09:41:33,1114.6,50,332450
20231229,09:41:36,1115.95,50,332450
20231229,09:41:53,1115.2,50,332450
20231229,09:41:57,1117.0,50,332450
20231229,09:42:01,1118.35,100,332450
20231229,09:42:03,1119.15,100,332450
20231229,09:42:10,1119.15,150,332450
20231229,09:42:11,1121.2,50,332450
20231229,09:42:20,1122.35,50,332450
20231229,09:42:49,1118.45,50,332450
20231229,09:43:20,1115.6,50,332450
20231229,09:43:25,1118.35,50,332450
20231229,09:43:36,1122.0,50,332450
20231229,09:43:57,1120.95,600,332450
20231229,09:44:01,1122.95,50,332450
20231229,09:44:06,1122.95,100,332450
20231229,09:44:14,1122.95,50,333600
20231229,09:44:19,1127.35,500,333600
20231229,09:44:19,1125.95,50,333600
20231229,09:44:20,1125.5,50,333600
20231229,09:45:06,1120.1,100,333600
20231229,09:45:17,1122.4,50,333600
20231229,09:45:19,1121.7,50,333600
20231229,09:45:57,1123.1,100,333600
20231229,09:46:06,1128.75,50,333600
20231229,09:46:20,1125.6,50,333600
20231229,09:46:23,1124.45,50,333600
20231229,09:46:31,1123.8,100,333600
20231229,09:46:38,1136.85,50,333600
20231229,09:46:39,1135.7,50,333600
20231229,09:46:56,1125.2,50,333600
20231229,09:47:20,1125.9,50,334050
20231229,09:47:25,1125.95,50,334050
20231229,09:47:26,1128.25,350,334050
20231229,09:48:02,1124.05,1050,334050
20231229,09:48:20,1119.45,50,334050
20231229,09:48:31,1119.45,600,334050
20231229,09:48:57,1120.5,50,334050
20231229,09:49:20,1118.3,50,334050
20231229,09:49:38,1119.0,300,334050
20231229,09:49:52,1118.0,100,334050
20231229,09:50:20,1123.85,50,336300
20231229,09:50:40,1119.95,300,336300
20231229,09:51:02,1116.45,50,336300
20231229,09:51:17,1127.85,50,336300
20231229,09:51:20,1126.8,50,336300
20231229,09:51:40,1120.05,400,336300
20231229,09:51:41,1115.45,100,336300
20231229,09:52:01,1115.45,600,336300
20231229,09:52:20,1119.3,50,336300
20231229,09:52:21,1119.45,700,336300
20231229,09:53:20,1126.65,50,337950
20231229,09:53:31,1123.1,50,337950
20231229,09:54:20,1122.1,50,337950
20231229,09:54:31,1117.05,400,337950
20231229,09:55:11,1123.1,600,337950
20231229,09:55:20,1124.65,50,337950
20231229,09:56:20,1127.35,50,338550
20231229,09:57:19,1126.2,50,338550
20231229,09:58:10,1132.7,50,338550
20231229,09:58:19,1138.35,50,338550
20231229,09:58:56,1136.95,100,338550
20231229,09:58:59,1130.9,50,338550
20231229,09:59:06,1138.35,50,338550
20231229,09:59:20,1140.7,50,338600
20231229,10:00:04,1140.7,100,338600
20231229,10:00:19,1138.9,50,338600
20231229,10:00:20,1138.45,50,338600
20231229,10:00:44,1131.5,50,338600
20231229,10:00:47,1132.05,400,338600
20231229,10:00:51,1130.7,300,338600
20231229,10:01:11,1133.85,50,338600
20231229,10:01:20,1122.2,100,338600
20231229,10:01:21,1128.75,500,338600
20231229,10:02:07,1127.85,50,338600
20231229,10:02:34,1127.55,450,338900
20231229,10:02:43,1128.95,600,338900
20231229,10:02:58,1124.05,950,338900
20231229,10:03:24,1120.0,50,338900
20231229,10:03:52,1115.0,100,338900
20231229,10:03:55,1115.0,50,338900
20231229,10:04:04,1117.6,100,338900
20231229,10:04:07,1118.55,100,338900
20231229,10:04:08,1119.1,100,338900
20231229,10:04:47,1121.15,550,338900
20231229,10:05:44,1125.55,100,338950
20231229,10:05:46,1124.6,200,338950
20231229,10:05:47,1124.25,150,338950
20231229,10:05:58,1125.55,200,338950
20231229,10:06:18,1124.5,100,338950
20231229,10:06:19,1125.1,50,338950
20231229,10:06:33,1127.1,50,338950
20231229,10:06:40,1122.85,50,338950
20231229,10:06:58,1128.05,50,338950
20231229,10:07:03,1129.5,50,338950
20231229,10:07:32,1133.4,50,338950
20231229,10:07:34,1135.05,50,338950
20231229,10:07:37,1137.3,350,338950
20231229,10:07:43,1139.15,100,338950
20231229,10:07:52,1145.95,50,338950
20231229,10:07:56,1146.85,50,338950
20231229,10:07:57,1149.6,550,338950
