date,time,tick_price,volume,open_interest
20231208,10:03:43,22.55,50,50
20231208,11:08:10,20.3,50,50
20231208,11:32:08,20.3,50,50
20231208,13:29:34,22.55,50,50
20231212,14:40:25,20.2,1,50
20231212,14:40:25,20.2,450,50
20240104,09:25:19,2.45,1,500
20240104,09:25:19,2.5,400,500
20240104,09:28:46,1.4,400,900
20240104,09:28:54,1.4,500,900
20240104,09:32:19,1.6,50,900
20240104,09:34:22,1.6,2050,950
20240104,09:36:04,1.6,300,3000
20240104,09:36:11,1.6,50,3000
20240104,09:36:19,1.6,50,3000
20240104,09:36:35,1.6,50,3000
20240104,09:37:21,1.7,200,3000
20240104,09:37:46,1.7,50,3000
20240104,09:37:55,1.7,50,3000
20240104,09:40:40,1.7,100,3250
20240104,09:41:36,1.7,600,3250
20240104,09:43:25,1.7,350,3250
20240104,09:43:47,1.65,100,3250
20240104,09:44:03,1.6,450,3250
20240104,09:44:52,1.6,100,4300
20240104,09:45:13,1.6,1000,4300
20240104,09:45:53,1.6,50,4300
20240104,09:46:15,1.65,50,4300
20240104,09:47:59,1.65,50,5200
20240104,09:49:56,1.65,50,5200
20240104,09:51:36,1.65,100,5200
20240104,10:07:34,1.6,100,5200
20240104,10:13:19,1.6,150,5100
20240104,10:14:39,1.65,50,5150
20240104,10:16:39,1.7,250,5150
20240104,10:16:46,1.7,2350,5150
20240104,10:16:54,1.7,1650,5150
20240104,10:17:01,1.7,800,5150
20240104,10:17:44,1.65,50,5150
20240104,10:19:08,1.65,50,3950
20240104,10:19:24,1.65,750,3950
20240104,10:19:46,1.6,50,3950
20240104,10:20:46,1.6,50,3800
20240104,10:20:54,1.65,50,3800
20240104,10:21:13,1.6,50,3800
20240104,10:26:52,1.6,50,3850
20240104,10:27:14,1.65,100,3850
20240104,10:28:47,1.65,300,3850
20240104,10:29:00,1.65,200,3850
20240104,10:29:12,1.65,100,3850
20240104,10:30:08,1.65,50,4200
20240104,10:31:10,1.65,50,4200
20240104,10:47:56,1.6,50,4300
20240104,10:53:01,1.6,50,4250
20240104,10:53:30,1.65,50,4250
20240104,10:55:34,1.6,50,4300
20240104,10:55:39,1.6,50,4300
20240104,11:16:10,1.65,50,4200
20240104,11:19:46,1.6,50,4150
20240104,11:19:54,1.6,50,4150
20240104,11:20:33,1.6,50,4150
20240104,11:23:14,1.6,50,4200
20240104,11:34:27,1.55,50,4200
20240104,11:34:31,1.55,100,4200
20240104,11:34:34,1.55,100,4200
20240104,11:56:54,1.55,200,4200
20240104,11:58:35,1.55,50,4300
20240104,12:33:00,1.45,150,4500
20240104,12:36:09,1.5,400,4550
20240104,12:36:18,1.5,400,4550
20240104,12:36:22,1.5,200,4550
20240104,12:36:27,1.45,250,4550
20240104,12:43:07,1.55,50,4550
20240104,12:51:47,1.5,100,4500
20240104,12:52:57,1.5,150,4500
20240104,12:53:22,1.4,150,4500
20240104,12:59:05,1.55,250,4650
20240104,13:21:54,1.55,1800,4450
20240104,13:27:02,1.5,50,6200
20240104,13:35:22,1.45,50,6250
20240104,13:38:49,1.45,50,6200
20240104,13:39:25,1.45,50,6150
20240104,13:42:40,1.5,1800,6100
20240104,13:49:29,1.4,50,7750
20240104,13:55:15,1.4,100,7800
20240104,13:56:47,1.4,50,7800
20240104,13:57:30,1.45,1750,7850
20240104,13:57:40,1.4,50,7850
20240104,14:03:13,1.4,250,9450
20240104,14:05:21,1.4,50,9450
20240104,14:06:10,1.4,200,9550
20240104,14:06:21,1.4,50,9550
20240104,14:06:43,1.35,50,9550
20240104,14:10:28,1.3,150,9450
20240104,14:11:33,1.3,200,9450
20240104,14:11:39,1.3,200,9450
20240104,14:11:44,1.3,200,9450
20240104,14:13:34,1.25,350,9950
20240104,14:13:53,1.25,50,9950
20240104,14:13:58,1.25,200,9950
20240104,14:16:01,1.25,300,10350
20240104,14:16:52,1.25,1200,10350
20240104,14:18:35,1.25,50,11100
20240104,14:19:46,1.25,250,11100
20240104,14:20:38,1.25,50,11100
20240104,14:21:30,1.25,1200,11000
20240104,14:21:35,1.25,250,11000
20240104,14:26:56,1.2,50,11200
20240104,14:28:04,1.2,50,11200
20240104,14:32:30,1.25,50,11250
20240104,14:36:14,1.25,200,11300
20240104,14:42:32,1.25,950,11500
20240104,14:43:02,1.25,150,11500
20240104,14:43:07,1.25,50,11500
20240104,14:45:05,1.3,200,11500
20240104,14:46:21,1.2,150,12550
20240104,14:47:06,1.2,50,12550
20240104,14:47:19,1.25,150,12550
20240104,14:48:34,1.25,50,12750
20240104,14:49:21,1.25,100,12750
20240104,14:52:23,1.25,50,12650
20240104,14:52:46,1.25,50,12650
20240104,14:52:51,1.25,50,12650
20240104,14:59:09,1.25,250,12650
20240104,15:09:58,1.2,1700,12650
20240104,15:10:13,1.2,100,12650
20240104,15:13:45,1.25,150,14350
20240104,15:16:56,1.3,50,14500
20240104,15:19:21,1.25,250,14500
20240104,15:20:24,1.3,200,14500
20240104,15:20:32,1.3,50,14500
20240104,15:20:49,1.3,200,14500
20240104,15:20:58,1.3,50,14500
20240104,15:21:06,1.3,100,14500
20240104,15:21:59,1.3,50,14950
20240104,15:22:08,1.35,650,14950
20240104,15:22:17,1.35,100,14950
20240104,15:23:55,1.3,500,14950
20240104,15:24:05,1.3,450,14950
20240104,15:24:14,1.3,1200,14950
20240104,15:24:24,1.3,100,16600
20240104,15:24:41,1.3,50,16600
20240104,15:24:49,1.3,50,16600
20240104,15:24:58,1.3,50,16600
20240104,15:25:44,1.3,300,16600
20240104,15:26:21,1.3,50,16600
20240104,15:26:38,1.3,1000,16600
20240104,15:27:07,1.35,500,16600
20240104,15:27:17,1.2,950,16600
20240104,15:29:30,1.3,50,16400
20240105,09:15:02,1.35,1,16450
20240105,09:15:02,1.3,150,16450
20240105,09:15:03,1.3,50,16450
20240105,09:15:04,1.3,50,16450
20240105,09:15:05,1.1,650,16450
20240105,09:15:09,1.1,100,16450
20240105,09:15:15,0.9,6900,16450
20240105,09:15:16,1.15,700,16450
20240105,09:15:20,1.2,50,16450
20240105,09:15:30,1.0,650,16450
20240105,09:15:33,1.1,100,16450
20240105,09:15:37,1.05,50,16450
20240105,09:15:38,1.1,1100,16450
20240105,09:15:39,1.1,50,16450
20240105,09:15:42,1.15,600,16450
20240105,09:15:43,1.15,3000,16450
20240105,09:15:52,1.15,150,16450
20240105,09:15:56,1.15,50,16450
20240105,09:15:57,1.15,50,16450
20240105,09:16:00,1.15,700,16450
20240105,09:16:03,1.1,950,16450
20240105,09:16:04,1.1,700,16450
20240105,09:16:09,1.15,50,16450
20240105,09:16:34,1.1,750,16450
20240105,09:16:36,1.1,300,16450
20240105,09:16:39,1.1,350,16450
20240105,09:16:51,1.1,200,16450
20240105,09:17:05,1.1,50,16450
20240105,09:17:06,1.15,600,16450
20240105,09:17:13,1.15,50,16450
20240105,09:17:19,1.1,250,16450
20240105,09:17:25,1.15,50,9700
20240105,09:17:34,1.15,50,9700
20240105,09:17:37,1.15,50,9700
20240105,09:17:53,1.15,150,9700
20240105,09:17:54,1.15,1550,9700
20240105,09:18:57,1.15,50,9700
20240105,09:19:51,1.15,750,9700
20240105,09:20:00,1.15,300,9700
20240105,09:20:07,1.15,50,9700
20240105,09:22:25,1.1,900,11750
20240105,09:22:26,1.1,150,11750
20240105,09:22:31,1.1,2100,11750
20240105,09:22:42,1.1,350,11750
20240105,09:23:15,1.15,250,11750
20240105,09:23:17,1.1,900,11750
20240105,09:23:17,1.1,350,13050
20240105,09:23:18,1.1,50,13050
20240105,09:23:20,1.1,50,13050
20240105,09:23:21,1.1,100,13050
20240105,09:23:30,1.1,150,13050
20240105,09:24:22,1.05,1000,13050
20240105,09:24:23,1.05,100,13050
20240105,09:24:31,1.05,50,13050
20240105,09:24:42,1.05,150,13050
20240105,09:24:52,1.05,50,13050
20240105,09:25:02,1.0,50,13050
20240105,09:25:30,1.05,50,13050
20240105,09:25:41,1.0,1950,13050
20240105,09:26:20,1.05,250,13100
20240105,09:26:30,1.0,50,13100
20240105,09:26:33,1.0,50,13100
20240105,09:26:43,1.0,550,13100
20240105,09:26:45,1.0,100,13100
20240105,09:27:10,0.95,1850,13100
20240105,09:27:17,0.95,1500,13100
20240105,09:27:23,0.95,300,13100
20240105,09:27:24,0.95,150,13100
20240105,09:27:25,0.95,50,13100
20240105,09:28:08,0.95,500,13100
20240105,09:28:11,0.95,50,13100
20240105,09:28:13,0.95,50,13100
20240105,09:28:25,1.0,50,13100
20240105,09:28:32,0.95,50,13100
20240105,09:28:33,0.95,50,13100
20240105,09:28:51,0.95,150,13100
20240105,09:28:51,0.95,50,13100
20240105,09:28:52,0.95,50,13100
20240105,09:28:54,0.95,50,13100
20240105,09:30:40,0.9,50,13100
20240105,09:31:00,0.95,250,13650
20240105,09:31:43,0.95,50,13650
20240105,09:33:36,0.95,100,13700
20240105,09:34:07,0.9,250,13700
20240105,09:34:52,0.9,500,13700
20240105,09:34:52,0.9,2500,13700
20240105,09:34:53,0.9,3550,13700
20240105,09:35:12,0.9,50,13700
20240105,09:35:52,0.9,150,13700
20240105,09:38:15,0.85,2400,19800
20240105,09:38:16,0.9,50,19800
20240105,09:38:17,0.85,950,19800
20240105,09:38:18,0.85,3600,19800
20240105,09:38:19,0.85,2300,24800
20240105,09:38:20,0.8,500,24800
20240105,09:38:25,0.85,500,24800
20240105,09:39:00,0.85,500,24800
20240105,09:39:18,0.85,1000,24800
20240105,09:39:20,0.8,500,24800
20240105,09:39:45,0.85,50,24800
20240105,09:40:46,0.85,2450,24800
20240105,09:40:48,0.8,500,24800
20240105,09:41:12,0.85,500,24800
20240105,09:41:20,0.85,2550,31950
20240105,09:41:21,0.9,2000,31950
20240105,09:41:29,0.85,50,31950
20240105,09:42:25,0.9,200,31950
20240105,09:42:26,0.9,1700,31950
20240105,09:42:27,0.9,1550,31950
20240105,09:42:29,0.9,2400,31950
20240105,09:42:30,0.85,450,31950
20240105,09:42:42,0.9,2100,31950
20240105,09:42:43,0.9,500,31950
20240105,09:42:44,0.85,500,31950
20240105,09:42:50,0.9,1800,31950
20240105,09:42:51,0.9,800,31950
20240105,09:42:52,0.9,1950,31950
20240105,09:43:13,0.9,1200,31950
20240105,09:43:15,0.9,1100,31950
20240105,09:43:21,0.9,1600,31950
20240105,09:43:22,0.9,3000,31950
20240105,09:43:23,0.9,5400,31950
20240105,09:43:24,0.95,5400,31950
20240105,09:43:25,0.9,500,31950
20240105,09:43:26,0.9,2100,31950
20240105,09:43:27,0.85,400,31950
20240105,09:43:29,0.9,600,31950
20240105,09:43:30,0.9,1050,31950
20240105,09:43:30,0.85,450,31950
20240105,09:43:33,0.9,500,31950
20240105,09:43:35,0.9,1850,31950
20240105,09:43:35,0.85,150,31950
20240105,09:43:40,0.9,50,31950
20240105,09:43:49,0.9,1350,31950
20240105,09:44:05,0.9,900,31950
20240105,09:44:07,0.9,1450,31950
20240105,09:44:08,0.85,150,31950
20240105,09:44:11,0.9,900,31950
20240105,09:44:45,0.85,150,51900
20240105,09:45:04,0.9,1800,51900
20240105,09:45:07,0.9,1800,51900
20240105,09:45:55,0.95,50,51900
20240105,09:46:08,0.9,1800,51900
20240105,09:46:09,0.9,2000,51900
20240105,09:46:10,0.9,3000,51900
20240105,09:46:11,0.9,2950,51900
20240105,09:46:22,0.9,2850,51900
20240105,09:46:25,0.9,50,51900
20240105,09:46:32,0.9,500,51900
20240105,09:46:34,0.85,500,51900
20240105,09:46:48,0.9,250,51900
20240105,09:46:52,0.9,500,51900
20240105,09:47:08,0.9,50,51900
20240105,09:47:41,0.9,1000,51900
20240105,09:47:41,0.9,500,62750
20240105,09:47:42,0.85,500,62750
20240105,09:48:09,0.9,50,62750
20240105,09:48:39,0.9,1800,62750
20240105,09:48:40,0.9,50,62750
20240105,09:48:41,0.9,50,62750
20240105,09:48:45,0.9,50,62750
20240105,09:48:51,0.9,50,62750
20240105,09:48:52,0.95,50,62750
20240105,09:48:58,0.9,50,62750
20240105,09:49:08,0.95,100,62750
20240105,09:49:11,0.9,2000,62750
20240105,09:49:12,0.9,2000,62750
20240105,09:49:14,0.9,2050,62750
20240105,09:49:17,0.9,50,62750
20240105,09:49:56,0.9,100,62750
20240105,09:49:59,0.9,50,62750
20240105,09:50:13,0.9,50,62750
20240105,09:50:23,0.9,50,62750
20240105,09:50:57,0.9,50,69200
20240105,09:51:07,0.9,100,69200
20240105,09:51:15,0.9,1800,69200
20240105,09:51:16,0.9,150,69200
20240105,09:51:18,0.9,50,69200
20240105,09:51:20,0.9,50,69200
20240105,09:51:22,0.9,50,69200
20240105,09:51:33,0.9,50,69200
20240105,09:51:53,0.95,450,69200
20240105,09:52:12,0.9,50,69200
20240105,09:52:26,0.9,4850,69200
20240105,09:52:27,0.9,2500,69200
20240105,09:52:28,0.9,2000,69200
20240105,09:52:29,0.9,2000,69200
20240105,09:52:57,0.95,50,69200
20240105,09:54:49,0.95,50,69200
20240105,09:55:40,0.95,50,80250
20240105,10:02:51,0.95,50,80250
20240105,10:02:57,0.9,2700,80250
20240105,10:02:58,0.9,1800,80250
20240105,10:03:00,0.9,1800,80250
20240105,10:03:02,0.9,1800,80250
20240105,10:03:03,0.9,3500,80250
20240105,10:09:13,0.9,100,80200
20240105,10:09:57,0.85,50,80200
20240105,10:10:19,0.9,1800,80200
20240105,10:10:54,0.9,150,80200
20240105,10:11:08,0.9,100,80200
20240105,10:12:04,0.9,600,80250
20240105,10:12:07,0.9,1800,80250
20240105,10:12:08,0.9,2300,80250
20240105,10:12:09,0.9,5500,80250
20240105,10:12:10,0.9,7200,80250
20240105,10:12:11,0.9,7200,80250
20240105,10:12:12,0.9,9500,80250
20240105,10:12:13,0.95,3600,80250
20240105,10:12:19,0.9,100,80250
20240105,10:12:22,0.95,1800,80250
20240105,10:12:23,0.95,1800,80250
20240105,10:12:24,0.95,500,80250
20240105,10:13:32,0.95,50,80250
20240105,10:13:52,0.95,3600,80250
20240105,10:14:53,0.95,100,81000
20240105,10:16:20,0.9,50,81000
20240105,10:16:52,0.95,50,81000
20240105,10:16:53,0.95,50,81000
20240105,10:17:19,0.95,1500,81000
20240105,10:17:20,0.95,1500,81000
20240105,10:17:21,0.95,1500,81000
20240105,10:17:22,0.95,1500,81000
20240105,10:17:23,0.95,3000,81000
20240105,10:17:24,0.95,1500,81950
20240105,10:17:25,0.95,1500,81950
20240105,10:17:27,0.95,12300,81950
20240105,10:17:28,0.95,50,81950
20240105,10:17:30,0.95,50,81950
20240105,10:17:31,0.95,250,81950
20240105,10:17:38,0.95,1950,81950
20240105,10:19:05,0.95,50,81950
20240105,10:23:10,0.95,50,81950
20240105,10:24:36,0.95,100,81050
20240105,10:24:39,0.95,150,81000
20240105,10:24:46,0.95,1500,81000
20240105,10:24:47,0.95,1500,81000
20240105,10:24:48,0.95,2650,81000
20240105,10:25:06,0.95,2250,81000
20240105,10:25:09,0.95,50,81000
20240105,10:25:13,0.95,2750,81000
20240105,10:25:14,0.95,100,81000
20240105,10:25:16,0.95,150,81000
20240105,10:25:21,0.95,1850,81000
20240105,10:25:21,0.9,150,81000
20240105,10:27:18,0.95,150,81450
20240105,10:27:21,0.9,50,81450
20240105,10:27:39,0.9,50,81450
20240105,10:28:22,0.9,50,81450
20240105,10:31:14,0.95,750,81450
20240105,10:32:59,0.95,50,81450
20240105,10:35:10,0.95,5400,81450
20240105,10:35:15,0.95,50,81450
20240105,10:35:29,0.95,1500,81450
20240105,10:35:30,0.95,1500,81450
20240105,10:35:35,0.95,1850,81450
20240105,10:35:41,0.95,1800,81450
20240105,10:35:42,0.95,1800,81450
20240105,10:35:43,0.95,100,81450
20240105,10:35:59,0.95,1800,81450
20240105,10:36:01,0.95,1800,81450
20240105,10:36:25,0.95,50,81450
20240105,10:36:28,0.95,50,81450
20240105,10:36:36,0.95,1800,81450
20240105,10:36:39,0.95,1800,81450
20240105,10:36:42,0.9,50,81450
20240105,10:37:02,0.9,50,81450
20240105,10:37:26,0.9,18850,81450
20240105,10:37:30,0.9,1800,81450
20240105,10:37:31,0.9,1800,81450
20240105,10:37:33,0.9,100,81450
20240105,10:37:33,0.9,3600,81450
20240105,10:37:34,0.9,2300,81450
20240105,10:37:59,0.95,350,81450
20240105,10:38:16,0.9,50,81450
20240105,10:38:38,0.95,1500,80250
20240105,10:38:40,0.95,150,80250
20240105,10:38:52,0.95,1500,80250
20240105,10:40:32,0.9,1500,80250
20240105,10:40:34,0.9,1500,80250
20240105,10:40:36,0.9,100,80250
20240105,10:44:44,0.95,50,80250
20240105,10:44:48,0.95,50,80250
20240105,10:48:44,0.9,500,80250
20240105,10:49:11,0.9,1800,80150
20240105,10:49:16,0.9,1800,80150
20240105,10:49:24,0.9,450,80150
20240105,10:50:07,0.9,300,80150
20240105,10:50:39,0.9,700,80100
20240105,10:51:06,0.85,250,80100
20240105,10:51:08,0.85,1800,80100
20240105,10:51:18,0.85,1800,80100
20240105,10:51:55,0.9,100,80100
20240105,10:52:01,0.85,250,80100
20240105,10:52:08,0.9,50,80100
20240105,10:52:19,0.85,50,80100
20240105,10:52:40,0.85,1900,80100
20240105,10:53:04,0.8,3600,80100
20240105,10:54:00,0.85,250,80250
20240105,10:54:05,0.85,250,80250
20240105,10:54:13,0.8,450,80250
20240105,10:54:14,0.8,50,80250
20240105,10:54:32,0.85,250,80250
20240105,10:54:35,0.85,250,80250
20240105,10:55:04,0.85,250,80250
20240105,10:55:05,0.8,600,80250
20240105,10:55:09,0.85,50,80250
20240105,10:55:12,0.85,50,80250
20240105,10:56:01,0.8,200,80250
20240105,10:56:15,0.8,7650,80250
20240105,10:56:15,0.8,150,80250
20240105,10:56:40,0.8,1800,80250
20240105,10:56:43,0.8,1800,80150
20240105,10:56:48,0.8,2100,80150
20240105,10:56:49,0.8,200,80150
20240105,10:56:50,0.8,50,80150
20240105,10:56:53,0.8,1800,80150
20240105,10:56:59,0.8,1450,80150
20240105,10:57:01,0.8,5500,80150
20240105,10:57:02,0.8,50,80150
20240105,10:57:05,0.8,150,80150
20240105,10:57:10,0.8,550,80150
20240105,10:57:54,0.8,1150,80150
20240105,10:58:00,0.8,100,80150
20240105,10:58:37,0.8,1000,80150
20240105,10:58:42,0.8,400,80150
20240105,10:58:51,0.8,1800,80150
20240105,10:58:55,0.8,2100,80150
20240105,10:59:28,0.8,400,80150
20240105,11:01:35,0.8,900,80100
20240105,11:02:24,0.8,50,80100
20240105,11:03:19,0.8,1800,80100
20240105,11:03:19,0.8,2700,80100
20240105,11:04:17,0.8,250,80100
20240105,11:04:27,0.8,250,80100
20240105,11:07:06,0.8,2200,81700
20240105,11:07:13,0.8,2650,81700
20240105,11:07:15,0.8,50,81700
20240105,11:07:29,0.8,4000,81700
20240105,11:07:31,0.8,1200,81700
20240105,11:07:44,0.8,1900,81700
20240105,11:07:59,0.75,4000,81700
20240105,11:08:12,0.75,100,81700
20240105,11:08:18,0.8,50,81700
20240105,11:08:47,0.8,3600,80100
20240105,11:08:47,0.8,1950,80100
20240105,11:08:51,0.8,550,80100
20240105,11:08:58,0.8,250,80100
20240105,11:09:08,0.8,250,80100
20240105,11:09:21,0.8,250,80100
20240105,11:09:42,0.8,1850,80100
20240105,11:10:21,0.8,750,80100
20240105,11:10:49,0.8,250,80100
20240105,11:11:12,0.8,250,80100
20240105,11:12:10,0.8,1850,80100
20240105,11:12:13,0.85,50,80100
20240105,11:13:03,0.85,150,80100
20240105,11:13:15,0.85,1800,80100
20240105,11:13:33,0.8,150,80100
20240105,11:13:35,0.8,50,80100
20240105,11:13:42,0.85,50,80100
20240105,11:14:49,0.8,50,80100
20240105,11:14:50,0.85,500,81000
20240105,11:14:51,0.8,250,81000
20240105,11:14:59,0.85,500,81000
20240105,11:15:07,0.85,550,81000
20240105,11:15:09,0.8,1000,81000
20240105,11:16:33,0.85,250,81000
20240105,11:16:54,0.8,450,81000
20240105,11:17:12,0.8,550,81000
20240105,11:17:23,0.85,50,81000
20240105,11:17:28,0.85,400,81000
20240105,11:17:53,0.8,250,80550
20240105,11:17:55,0.8,1850,80550
20240105,11:18:01,0.8,50,80550
20240105,11:18:05,0.85,150,80550
20240105,11:18:33,0.85,50,80550
20240105,11:18:45,0.85,50,80550
20240105,11:19:04,0.85,50,80550
20240105,11:19:24,0.8,150,80550
20240105,11:19:26,0.8,50,80550
20240105,11:19:27,0.8,50,80550
20240105,11:19:29,0.8,50,80550
20240105,11:21:25,0.8,300,80550
20240105,11:21:49,0.75,250,80150
20240105,11:21:51,0.8,450,80150
20240105,11:23:47,0.8,100,80200
20240105,11:24:30,0.8,1500,80200
20240105,11:24:31,0.8,1500,80200
20240105,11:24:32,0.8,1500,80200
20240105,11:24:33,0.8,450,80200
20240105,11:24:47,0.8,500,80200
20240105,11:24:49,0.8,50,80200
20240105,11:24:49,0.8,250,80200
20240105,11:25:09,0.8,4600,80200
20240105,11:25:12,0.8,50,80200
20240105,11:29:08,0.8,1800,80150
20240105,11:29:20,0.75,100,80150
20240105,11:29:25,0.8,1800,80150
20240105,11:29:26,0.8,1550,80150
20240105,11:29:31,0.8,1500,80150
20240105,11:29:39,0.85,1800,80150
20240105,11:30:18,0.85,1800,80100
20240105,11:30:21,0.85,1000,80100
20240105,11:30:22,0.85,800,80100
20240105,11:30:23,0.85,1800,80100
20240105,11:30:26,0.85,100,80100
20240105,11:30:29,0.85,800,80100
20240105,11:30:29,0.85,50,80100
20240105,11:30:30,0.85,50,80100
20240105,11:30:31,0.85,100,80100
20240105,11:30:32,0.9,100,80100
20240105,11:30:36,0.85,50,80100
20240105,11:30:43,0.9,50,80100
20240105,11:30:47,0.9,50,80100
20240105,11:30:52,0.85,300,80100
20240105,11:31:01,0.85,50,80100
20240105,11:31:02,0.85,1800,80100
20240105,11:31:10,0.85,1700,80100
20240105,11:31:16,0.9,50,80100
20240105,11:32:11,0.85,50,80100
20240105,11:34:00,0.85,250,80150
20240105,11:34:09,0.9,500,80150
20240105,11:36:02,0.85,400,80150
20240105,11:38:10,0.85,750,80100
20240105,11:39:57,0.85,1800,80100
20240105,11:39:59,0.85,1800,80100
20240105,11:41:07,0.85,150,80100
20240105,11:41:10,0.85,1450,80100
20240105,11:41:50,0.85,150,80150
20240105,11:42:49,0.85,500,80150
20240105,11:42:53,0.85,250,80150
20240105,11:42:55,0.85,250,80150
20240105,11:42:59,0.85,300,80150
20240105,11:45:37,0.85,500,80250
20240105,11:46:53,0.85,1000,80250
20240105,11:46:57,0.8,150,80250
20240105,11:47:48,0.8,750,80250
20240105,11:48:02,0.8,50,80200
20240105,11:50:09,0.8,900,80200
20240105,11:53:20,0.85,50,80200
20240105,11:57:33,0.85,450,80200
20240105,11:57:53,0.8,50,80200
20240105,12:03:50,0.85,50,80200
20240105,12:06:51,0.8,50,80200
20240105,12:07:24,0.8,450,80200
20240105,12:07:47,0.85,50,80200
20240105,12:08:33,0.8,50,80200
20240105,12:09:31,0.85,250,80200
20240105,12:09:48,0.85,250,80200
20240105,12:10:03,0.85,100,80200
20240105,12:10:06,0.85,250,80200
20240105,12:10:12,0.85,50,80200
20240105,12:10:16,0.85,100,80200
20240105,12:10:27,0.85,100,80200
20240105,12:11:04,0.85,100,80200
20240105,12:11:18,0.85,800,80200
20240105,12:11:41,0.85,100,80150
20240105,12:11:49,0.85,50,80150
20240105,12:11:50,0.85,50,80150
20240105,12:11:56,0.85,800,80150
20240105,12:11:58,0.85,50,80150
20240105,12:12:23,0.85,250,80150
20240105,12:12:24,0.85,100,80150
20240105,12:12:49,0.85,250,80150
20240105,12:12:54,0.85,50,80150
20240105,12:13:00,0.85,1800,80150
20240105,12:13:01,0.85,1450,80150
20240105,12:13:11,0.85,50,80150
20240105,12:14:12,0.85,1800,80150
20240105,12:14:14,0.85,200,80150
20240105,12:15:25,0.9,1800,80150
20240105,12:16:10,0.85,500,80150
20240105,12:16:54,0.9,250,80150
20240105,12:17:07,0.9,250,80150
20240105,12:17:15,0.9,1500,80150
20240105,12:17:16,0.9,1500,80150
20240105,12:17:17,0.9,3300,80150
20240105,12:17:18,0.9,1900,80150
20240105,12:17:37,0.9,1800,80150
20240105,12:17:38,0.9,1150,80150
20240105,12:18:10,0.9,1200,80200
20240105,12:18:59,0.9,500,80200
20240105,12:18:59,0.9,100,80200
20240105,12:19:00,0.9,400,80200
20240105,12:19:02,0.9,1800,80200
20240105,12:19:03,0.9,650,80200
20240105,12:19:21,0.95,600,80200
20240105,12:19:22,0.95,1800,80200
20240105,12:19:23,0.95,1800,80200
20240105,12:19:24,0.95,3600,80200
20240105,12:19:25,0.95,4050,80200
20240105,12:19:32,0.95,300,80200
20240105,12:19:38,1.0,50,80200
20240105,12:19:42,1.0,50,80200
20240105,12:19:59,0.95,250,80200
20240105,12:20:05,1.0,1800,80200
20240105,12:20:25,1.0,900,80200
20240105,12:20:27,1.0,5800,80200
20240105,12:20:31,1.05,3600,80200
20240105,12:20:32,1.1,4550,80200
20240105,12:20:34,1.1,2200,80200
20240105,12:20:35,1.1,550,80200
20240105,12:20:37,1.1,50,80200
20240105,12:20:41,1.1,1600,82300
20240105,12:20:47,1.1,1800,82300
20240105,12:20:48,1.1,1400,82300
20240105,12:20:54,1.1,1800,82300
20240105,12:21:11,1.05,1000,82300
20240105,12:21:24,1.1,1800,82300
20240105,12:21:32,1.1,1800,82300
20240105,12:21:34,1.1,750,82300
20240105,12:21:35,1.15,1800,82300
20240105,12:21:55,1.1,100,82300
20240105,12:23:06,1.05,1850,82300
20240105,12:23:10,1.05,1850,82300
20240105,12:23:17,1.05,50,82300
20240105,12:23:23,1.05,800,82300
20240105,12:23:31,1.0,100,82300
20240105,12:23:40,1.0,550,82300
20240105,12:23:41,1.0,50,82300
20240105,12:23:42,1.0,900,82300
20240105,12:23:44,1.0,50,83050
20240105,12:23:59,1.0,250,83050
20240105,12:24:04,1.0,150,83050
20240105,12:24:24,1.0,3200,83050
20240105,12:24:27,1.0,1800,83050
20240105,12:24:28,1.0,5200,83050
20240105,12:24:33,1.05,1800,83050
20240105,12:24:35,1.05,50,83050
20240105,12:25:32,1.05,100,83050
20240105,12:25:33,1.05,50,83050
20240105,12:25:54,1.05,1800,83050
20240105,12:25:56,1.05,1800,83050
20240105,12:26:38,1.05,100,83050
20240105,12:26:43,1.0,150,83050
20240105,12:27:20,1.05,100,83600
20240105,12:27:58,1.05,150,83600
20240105,12:28:44,1.05,350,83600
20240105,12:31:02,1.0,50,83600
20240105,12:31:30,1.0,2900,83600
20240105,12:31:35,1.0,500,83600
20240105,12:31:35,1.0,250,83600
20240105,12:31:39,1.0,250,83600
20240105,12:31:42,1.0,250,83600
20240105,12:31:43,1.0,500,83600
20240105,12:31:44,1.0,750,83600
20240105,12:31:45,1.0,250,83600
20240105,12:31:47,1.0,500,83600
20240105,12:31:49,1.0,1800,83600
20240105,12:31:50,1.0,1400,83600
20240105,12:32:46,1.0,150,83600
20240105,12:34:32,1.0,400,81050
20240105,12:34:33,1.0,250,81050
20240105,12:34:34,1.0,900,81050
20240105,12:34:35,1.0,600,81050
20240105,12:34:36,1.0,50,81050
20240105,12:34:37,1.0,50,81050
20240105,12:34:42,0.95,650,81050
20240105,12:34:44,0.9,250,81050
20240105,12:34:45,0.95,350,81050
20240105,12:35:06,0.95,400,81050
20240105,12:35:10,0.95,800,81050
20240105,12:35:32,0.95,50,81050
20240105,12:35:44,0.95,500,81050
20240105,12:36:31,0.95,50,80350
20240105,12:36:32,0.95,100,80350
20240105,12:36:33,0.95,50,80350
20240105,12:37:07,1.0,50,80350
20240105,12:38:01,1.0,50,80350
20240105,12:39:26,0.95,250,80350
20240105,12:39:28,0.95,50,80300
20240105,12:44:06,0.95,250,80300
20240105,12:44:22,0.95,600,80350
20240105,12:44:24,0.95,50,80350
20240105,12:44:27,0.95,50,80350
20240105,12:44:28,0.95,50,80350
20240105,12:44:35,0.95,50,80350
20240105,12:44:43,0.95,50,80350
20240105,12:44:45,0.95,50,80350
20240105,12:45:19,0.95,750,80200
20240105,12:45:22,0.95,50,80200
20240105,12:45:23,0.95,100,80200
20240105,12:45:25,0.95,50,80200
20240105,12:45:53,0.95,300,80200
20240105,12:46:35,0.95,50,80200
20240105,12:48:16,0.95,800,80250
20240105,12:49:09,0.95,1750,80250
20240105,12:50:17,0.95,50,80250
20240105,12:53:28,1.0,50,80350
20240105,12:54:35,0.95,1300,80350
20240105,12:54:36,0.95,100,80350
20240105,12:54:39,0.95,100,80350
20240105,12:54:41,0.95,50,80350
20240105,12:54:42,0.95,50,80350
20240105,12:55:27,0.95,250,80350
20240105,12:55:38,0.95,400,80350
20240105,12:55:49,1.0,50,80350
20240105,12:56:01,0.9,50,80350
20240105,12:59:09,0.95,1750,80350
20240105,12:59:56,0.9,50,80300
20240105,13:00:00,0.95,500,80300
20240105,13:00:01,0.95,300,80300
20240105,13:00:02,0.95,300,80300
20240105,13:00:10,0.95,250,80300
20240105,13:00:11,0.95,1800,80300
20240105,13:00:12,0.95,900,80300
20240105,13:00:58,0.95,1800,80300
20240105,13:01:26,0.95,1000,80300
20240105,13:02:00,0.95,50,80300
20240105,13:02:25,0.95,50,80300
20240105,13:02:31,0.95,1950,80300
20240105,13:03:29,1.0,200,81250
20240105,13:05:57,0.95,850,81250
20240105,13:06:53,0.95,550,81250
20240105,13:06:56,0.95,450,81250
20240105,13:07:09,0.95,450,81250
20240105,13:08:15,1.0,1800,81250
20240105,13:11:30,0.95,50,81250
20240105,13:15:37,0.95,100,80600
20240105,13:16:38,0.95,250,80600
20240105,13:17:27,0.95,300,80600
20240105,13:18:25,0.95,250,80550
20240105,13:28:15,1.0,1250,80550
20240105,13:29:44,0.95,250,80550
20240105,13:29:54,0.95,250,80550
20240105,13:32:05,0.95,300,80650
20240105,13:32:05,0.95,8450,80650
20240105,13:32:10,0.95,50,80650
20240105,13:34:36,0.95,850,80650
20240105,13:34:40,0.95,250,82350
20240105,13:34:45,0.95,450,82350
20240105,13:34:53,1.0,100,82350
20240105,13:35:15,0.95,100,82350
20240105,13:39:17,1.0,50,82350
20240105,13:39:40,0.95,600,82750
20240105,13:40:10,0.95,250,82750
20240105,13:41:15,0.95,350,82750
20240105,13:41:17,0.95,800,82750
20240105,13:41:20,0.95,50,82750
20240105,13:41:27,0.95,250,82750
20240105,13:41:35,0.95,50,82750
20240105,13:41:41,0.9,50,82750
20240105,13:41:41,0.95,250,82750
20240105,13:41:46,0.95,300,82750
20240105,13:41:58,0.95,50,80350
20240105,13:42:01,0.95,50,80350
20240105,13:44:00,0.95,50,80350
20240105,13:45:57,0.95,50,80350
20240105,13:47:27,0.95,50,80350
20240105,13:48:33,0.9,50,80450
20240105,13:48:53,0.95,1100,80450
20240105,13:52:01,0.95,300,80350
20240105,13:53:35,0.9,1100,80350
20240105,13:53:52,0.9,500,80350
20240105,13:54:45,0.95,250,80350
20240105,13:54:45,0.9,550,80300
20240105,13:55:05,0.9,500,80300
20240105,13:55:10,0.9,500,80300
20240105,13:55:11,0.9,500,80300
20240105,13:55:12,0.9,1500,80300
20240105,13:55:39,0.9,50,80300
20240105,13:56:04,0.9,1200,80300
20240105,13:56:06,0.9,250,80300
20240105,13:56:13,0.9,50,80300
20240105,13:56:18,0.95,300,80300
20240105,13:56:25,0.95,250,80300
20240105,13:56:28,0.95,250,80300
20240105,13:58:03,0.9,50,80300
20240105,14:00:40,0.9,50,80650
20240105,14:00:44,0.9,150,80650
20240105,14:00:45,0.9,200,80650
20240105,14:00:46,0.9,50,80650
20240105,14:00:47,0.9,150,80650
20240105,14:00:48,0.9,200,80650
20240105,14:00:49,0.9,2850,80650
20240105,14:00:50,0.9,600,80650
20240105,14:03:23,0.9,1800,80850
20240105,14:03:30,0.9,300,80850
20240105,14:03:49,0.9,250,80850
20240105,14:03:54,0.9,250,80850
20240105,14:04:13,0.9,300,80850
20240105,14:04:18,0.9,250,80850
20240105,14:04:34,0.9,500,80850
20240105,14:04:43,0.9,50,80850
20240105,14:05:50,0.85,1800,80850
20240105,14:07:18,0.9,250,80100
20240105,14:07:32,0.9,250,80100
20240105,14:08:16,0.9,250,80100
20240105,14:09:38,0.85,1800,80100
20240105,14:09:39,0.85,1800,80100
20240105,14:12:12,0.9,250,80100
20240105,14:12:14,0.85,500,80100
20240105,14:12:19,0.9,300,80100
20240105,14:12:20,0.9,200,80100
20240105,14:12:26,0.9,200,80100
20240105,14:12:27,0.9,200,80100
20240105,14:12:30,0.9,400,80100
20240105,14:12:34,0.9,200,80100
20240105,14:12:36,0.9,200,80100
20240105,14:12:39,0.9,200,80100
20240105,14:13:00,0.85,450,80100
20240105,14:13:01,0.85,1800,80100
20240105,14:13:38,0.85,2550,80100
20240105,14:13:41,0.85,1800,80100
20240105,14:13:44,0.85,50,80100
20240105,14:13:46,0.8,2000,80100
20240105,14:13:47,0.8,1800,80100
20240105,14:14:03,0.8,500,80100
20240105,14:14:04,0.8,750,80100
20240105,14:14:05,0.85,50,80100
20240105,14:14:30,0.8,1800,80100
20240105,14:14:31,0.75,6050,80100
20240105,14:14:32,0.8,550,80100
20240105,14:15:04,0.8,1800,80100
20240105,14:15:05,0.8,3650,80300
20240105,14:15:06,0.8,50,80300
20240105,14:15:12,0.8,50,80300
20240105,14:15:14,0.75,2800,80300
20240105,14:15:18,0.8,50,80300
20240105,14:16:09,0.8,50,80300
20240105,14:16:15,0.75,1800,80300
20240105,14:16:16,0.75,1800,80300
20240105,14:16:24,0.8,7400,80300
20240105,14:17:14,0.8,700,80300
20240105,14:17:23,0.8,1800,80300
20240105,14:17:25,0.8,250,80300
20240105,14:17:26,0.8,750,80300
20240105,14:17:31,0.8,50,80300
20240105,14:18:15,0.8,50,80100
20240105,14:19:08,0.8,500,80100
20240105,14:19:13,0.8,450,80100
20240105,14:19:49,0.75,300,80100
20240105,14:20:08,0.75,850,80100
20240105,14:20:45,0.75,300,80100
20240105,14:20:50,0.75,300,80100
20240105,14:20:55,0.75,300,80100
20240105,14:20:57,0.75,400,80100
20240105,14:21:44,0.75,1800,80100
20240105,14:22:56,0.75,250,80100
20240105,14:22:59,0.75,250,80100
20240105,14:23:42,0.75,300,80100
20240105,14:24:30,0.75,50,80100
20240105,14:24:38,0.75,250,80100
20240105,14:24:52,0.75,250,80100
20240105,14:24:55,0.75,250,80100
20240105,14:25:27,0.75,250,80100
20240105,14:25:29,0.75,300,80100
20240105,14:25:34,0.75,250,80100
20240105,14:25:46,0.75,250,80100
20240105,14:25:48,0.75,250,80100
20240105,14:26:44,0.8,100,80100
20240105,14:26:53,0.75,250,80100
20240105,14:27:28,0.75,250,80100
20240105,14:28:04,0.75,350,80850
20240105,14:28:42,0.75,750,80850
20240105,14:29:03,0.75,800,80850
20240105,14:31:58,0.75,50,81100
20240105,14:34:40,0.8,50,81100
20240105,14:36:52,0.8,1800,81100
20240105,14:36:54,0.8,1800,81100
20240105,14:36:55,0.8,1800,81100
20240105,14:36:56,0.8,1800,81100
20240105,14:37:01,0.8,1800,81100
20240105,14:37:02,0.8,1800,81100
20240105,14:37:11,0.8,500,81100
20240105,14:37:15,0.8,150,81100
20240105,14:37:16,0.8,1800,81100
20240105,14:37:18,0.8,1800,81100
20240105,14:37:20,0.8,50,81100
20240105,14:37:21,0.8,3650,81100
20240105,14:37:23,0.8,850,81100
20240105,14:41:38,0.85,50,81150
20240105,14:42:28,0.8,50,81150
20240105,14:43:15,0.85,250,81150
20240105,14:43:16,0.8,450,81150
20240105,14:43:36,0.8,50,81150
20240105,14:44:02,0.8,50,81150
20240105,14:44:04,0.8,700,81150
20240105,14:45:04,0.8,50,81150
20240105,14:45:18,0.8,50,81150
20240105,14:45:54,0.8,50,81150
20240105,14:48:09,0.8,50,81150
20240105,14:50:08,0.85,1800,81150
20240105,14:50:11,0.85,150,81150
20240105,14:50:52,0.8,50,81150
20240105,14:51:45,0.85,250,82250
20240105,14:52:31,0.85,50,82250
20240105,14:52:31,0.85,500,82250
20240105,14:52:32,0.85,500,82250
20240105,14:52:36,0.85,50,82250
20240105,14:52:37,0.85,100,82250
20240105,14:52:55,0.85,500,82250
20240105,14:52:55,0.85,1300,82250
20240105,14:52:56,0.9,1900,82250
20240105,14:52:59,0.85,50,82250
20240105,14:53:01,0.9,1800,82250
20240105,14:53:18,0.9,50,82250
20240105,14:53:31,0.9,1800,82250
20240105,14:53:32,0.9,1800,82250
20240105,14:53:33,0.9,1300,82250
20240105,14:53:39,0.9,50,82250
20240105,14:53:40,0.9,50,82250
20240105,14:53:41,0.9,1550,82250
20240105,14:53:58,0.9,2000,82250
20240105,14:54:04,0.9,50,83250
20240105,14:54:38,0.9,100,83250
20240105,14:54:53,0.9,50,83250
20240105,14:55:01,0.9,1750,83250
20240105,14:55:17,0.9,1450,83250
20240105,14:55:40,0.95,2650,83250
20240105,14:55:43,0.95,1800,83250
20240105,14:55:44,0.95,1000,83250
20240105,14:55:45,0.95,150,83250
20240105,14:55:48,0.95,50,83250
20240105,14:55:49,0.9,50,83250
20240105,14:56:15,1.0,1800,83250
20240105,14:56:19,1.0,1800,83250
20240105,14:56:20,1.0,1850,83250
20240105,14:56:21,1.0,50,83250
20240105,14:56:26,0.95,650,83250
20240105,14:56:27,1.0,50,83250
20240105,14:56:31,1.0,350,83250
20240105,14:56:33,1.0,50,83250
20240105,14:56:34,1.0,1650,83250
20240105,14:56:38,1.0,50,83250
20240105,14:56:45,1.0,50,83250
20240105,14:56:51,1.0,50,83250
20240105,14:57:13,1.0,1350,84550
20240105,14:57:14,1.0,50,84550
20240105,14:57:19,1.0,250,84550
20240105,14:57:21,1.0,50,84550
20240105,14:57:33,1.0,50,84550
20240105,14:57:37,1.0,300,84550
20240105,14:57:38,1.0,1900,84550
20240105,14:57:43,1.0,500,84550
20240105,14:57:47,0.95,200,84550
20240105,14:58:15,0.95,750,84550
20240105,14:58:20,0.95,750,84550
20240105,14:58:30,0.95,50,84550
20240105,14:58:33,0.95,250,84550
20240105,14:58:57,0.95,800,84550
20240105,14:58:58,1.0,1800,84550
20240105,14:59:05,1.0,50,84550
20240105,14:59:39,0.95,400,84550
20240105,15:00:04,0.95,50,84550
20240105,15:00:05,0.95,50,84550
20240105,15:00:06,0.95,50,83950
20240105,15:00:16,0.95,50,83950
20240105,15:01:22,1.0,1800,83950
20240105,15:01:29,1.0,1800,83950
20240105,15:02:05,1.0,250,83950
20240105,15:02:08,1.0,450,83950
20240105,15:02:11,1.0,250,83950
20240105,15:02:11,0.85,8700,83950
20240105,15:02:12,1.0,1850,83950
20240105,15:02:13,1.0,550,83950
20240105,15:02:14,1.0,50,83950
20240105,15:02:19,1.0,250,83950
20240105,15:02:26,1.0,250,83950
20240105,15:02:27,1.0,300,83950
20240105,15:02:28,1.0,550,83950
20240105,15:02:30,1.0,250,83950
20240105,15:02:31,1.0,300,83950
20240105,15:02:34,1.05,1800,83950
20240105,15:02:59,1.05,100,83950
20240105,15:03:28,1.05,50,83950
20240105,15:04:02,1.0,100,81700
20240105,15:04:04,1.0,1500,81700
20240105,15:04:39,0.95,1650,81700
20240105,15:04:45,0.95,300,81700
20240105,15:04:45,0.95,1800,81700
20240105,15:04:52,0.95,50,81700
20240105,15:05:05,1.0,250,81700
20240105,15:05:06,1.0,250,81700
20240105,15:05:08,1.0,1100,81700
20240105,15:05:22,1.05,100,81700
20240105,15:05:29,1.05,2400,81700
20240105,15:05:52,1.05,150,81700
20240105,15:05:55,1.05,700,81700
20240105,15:06:01,1.05,50,81700
20240105,15:06:19,1.0,1050,81550
20240105,15:06:24,1.0,200,81550
20240105,15:07:10,1.05,50,81550
20240105,15:07:51,0.95,150,81550
20240105,15:08:27,1.05,200,81550
20240105,15:10:03,1.0,250,81550
20240105,15:10:03,1.0,250,82150
20240105,15:10:12,1.0,250,82150
20240105,15:10:51,0.95,500,82150
20240105,15:10:58,0.95,50,82150
20240105,15:11:00,0.95,300,82150
20240105,15:11:03,0.95,250,82150
20240105,15:11:26,0.95,50,82150
20240105,15:14:51,0.95,50,82150
20240105,15:14:51,0.95,50,82050
20240105,15:14:52,0.95,100,82050
20240105,15:14:53,0.95,150,82050
20240105,15:14:54,0.95,50,82050
20240105,15:14:55,0.95,100,82050
20240105,15:14:57,0.95,50,82050
20240105,15:15:04,0.95,50,82050
20240105,15:15:05,0.95,50,82050
20240105,15:15:06,0.95,100,82050
20240105,15:15:18,0.9,300,82450
20240105,15:15:18,0.9,250,82450
20240105,15:15:22,0.9,750,82450
20240105,15:15:41,0.85,500,82450
20240105,15:16:03,0.85,500,82450
20240105,15:17:06,0.85,950,82450
20240105,15:17:07,0.85,1600,82450
20240105,15:17:12,0.85,800,82450
20240105,15:17:13,0.85,50,82450
20240105,15:17:19,0.85,100,82450
20240105,15:18:11,0.85,50,81450
20240105,15:18:48,0.85,250,81450
20240105,15:19:15,0.85,50,81450
20240105,15:20:00,0.85,50,81450
20240105,15:20:50,0.85,50,81450
20240105,15:21:45,0.8,500,81450
20240105,15:22:18,0.8,50,81150
20240105,15:22:19,0.8,100,81150
20240105,15:22:20,0.8,50,81150
20240105,15:22:21,0.8,50,81150
20240105,15:22:26,0.8,50,81150
20240105,15:22:28,0.8,50,81150
20240105,15:22:48,0.8,250,81150
20240105,15:23:16,0.8,50,81150
20240105,15:24:09,0.8,50,81150
20240105,15:24:11,0.8,200,81100
20240105,15:24:11,0.75,100,81100
20240105,15:24:44,0.8,50,81100
20240105,15:25:04,0.8,450,81100
20240105,15:25:15,0.8,250,81100
20240105,15:25:18,0.8,100,81100
20240105,15:25:21,0.8,100,81100
20240105,15:25:22,0.85,150,81100
20240105,15:25:44,0.75,1150,81100
20240105,15:26:04,0.8,650,81100
20240105,15:26:43,0.85,250,81100
20240105,15:27:20,0.8,250,81100
20240105,15:27:33,0.8,500,80800
20240105,15:27:37,0.85,550,80800
20240105,15:27:47,0.8,50,80800
20240105,15:27:48,0.8,700,80800
20240105,15:27:58,0.85,250,80800
20240105,15:28:11,0.8,50,80800
20240105,15:28:13,0.8,1300,80800
20240105,15:28:32,0.8,150,80800
20240105,15:28:43,0.8,850,80800
20240105,15:29:20,0.8,100,80800
20240105,15:29:24,0.8,150,80800
20240105,15:29:26,0.8,150,80800
20240105,15:29:32,0.75,100,80800
20240105,15:29:35,0.75,1800,80800
20240105,15:29:37,0.8,50,80800
20240105,15:29:38,0.8,1950,80800
20240105,15:29:39,0.8,50,80800
20240105,15:29:40,0.8,50,80800
20240105,15:29:41,0.75,50,80800
20240105,15:29:42,0.75,50,80800
20240105,15:29:43,0.7,1800,80800
20240105,15:29:45,0.7,50,80800
20240105,15:29:46,0.7,2000,80800
20240105,15:29:48,0.7,1800,80800
20240105,15:29:49,0.7,1450,80800
20240105,15:29:59,0.7,50,80800
20240108,09:15:03,0.85,1,80850
20240108,09:15:03,0.85,250,80850
20240108,09:15:04,0.9,350,80850
20240108,09:15:05,0.9,1150,80850
20240108,09:15:05,0.75,1150,80850
20240108,09:15:06,0.9,50,80850
20240108,09:15:07,1.0,650,80850
20240108,09:15:09,0.9,50,80850
20240108,09:15:10,0.9,500,80850
20240108,09:15:15,0.8,500,80850
20240108,09:15:15,0.8,300,80850
20240108,09:15:16,0.8,150,80850
20240108,09:15:17,0.8,100,80850
20240108,09:15:20,0.8,350,80850
20240108,09:15:32,0.85,50,80850
20240108,09:15:33,0.8,350,80850
20240108,09:15:36,0.8,50,80850
20240108,09:16:12,0.85,550,80850
20240108,09:16:16,0.85,500,80850
20240108,09:16:17,0.85,400,80850
20240108,09:16:19,0.85,100,80850
20240108,09:16:20,0.85,150,80850
20240108,09:16:26,0.85,50,80850
20240108,09:16:28,0.85,250,80850
20240108,09:16:28,0.85,50,80850
20240108,09:16:30,0.85,50,80850
20240108,09:16:48,0.85,50,80850
20240108,09:16:50,0.85,200,80850
20240108,09:16:56,0.85,50,80850
20240108,09:17:02,0.9,300,80850
20240108,09:17:17,0.9,50,80850
20240108,09:17:23,0.9,1650,80850
20240108,09:17:31,0.9,100,81050
20240108,09:17:32,0.9,200,81050
20240108,09:17:37,0.95,150,81050
20240108,09:17:43,0.9,750,81050
20240108,09:17:49,0.9,300,81050
20240108,09:17:51,0.9,350,81050
20240108,09:17:52,0.9,550,81050
20240108,09:17:54,0.9,150,81050
20240108,09:17:55,0.9,250,81050
20240108,09:17:57,0.9,2750,81050
20240108,09:17:58,0.9,700,81050
20240108,09:17:59,0.95,350,81050
20240108,09:18:00,0.9,250,81050
20240108,09:18:03,0.95,400,81050
20240108,09:18:25,0.9,300,81050
20240108,09:18:28,0.95,50,81050
20240108,09:18:41,0.95,250,81050
20240108,09:18:42,0.95,200,81050
20240108,09:18:43,0.95,250,81050
20240108,09:18:44,0.9,50,81050
20240108,09:18:45,0.9,50,81050
20240108,09:18:51,0.95,50,81050
20240108,09:19:02,0.95,250,81050
20240108,09:19:03,0.95,300,81050
20240108,09:19:06,0.95,150,81050
20240108,09:19:12,0.9,350,81050
20240108,09:19:46,0.9,50,81050
20240108,09:20:24,0.9,50,81050
20240108,09:21:33,0.9,500,81050
20240108,09:21:43,0.9,50,81050
20240108,09:21:43,0.9,300,81050
20240108,09:21:47,0.9,50,81050
20240108,09:21:50,0.85,50,81050
20240108,09:21:56,0.9,50,81050
20240108,09:21:56,0.9,250,81050
20240108,09:21:58,0.9,50,81050
20240108,09:21:58,0.9,950,81050
20240108,09:23:17,0.9,250,81050
20240108,09:23:18,0.9,100,81050
20240108,09:23:21,0.9,850,81050
20240108,09:23:33,0.95,100,80700
20240108,09:23:40,0.95,50,80700
20240108,09:23:59,0.95,50,80700
20240108,09:24:00,1.0,50,80700
20240108,09:24:05,0.95,700,80700
20240108,09:24:08,0.95,250,80700
20240108,09:24:09,0.95,50,80700
20240108,09:24:13,0.9,1800,80700
20240108,09:24:23,0.95,50,80700
20240108,09:24:46,0.95,1800,80700
20240108,09:24:47,1.0,700,80700
20240108,09:24:48,0.95,250,80700
20240108,09:24:58,0.95,750,80700
20240108,09:25:04,0.95,350,80700
20240108,09:25:06,0.95,250,80700
20240108,09:25:07,0.95,500,80700
20240108,09:25:08,0.9,600,80700
20240108,09:25:09,0.9,1000,80700
20240108,09:25:10,0.75,1700,80700
20240108,09:25:11,0.75,250,80700
20240108,09:25:18,0.9,400,80700
20240108,09:25:19,0.95,50,80700
20240108,09:25:23,0.95,50,80700
20240108,09:25:24,0.9,50,80700
20240108,09:25:25,0.95,500,80700
20240108,09:25:26,0.9,1450,80700
20240108,09:25:27,0.9,50,80700
20240108,09:25:31,0.9,50,80700
20240108,09:25:41,0.9,50,80700
20240108,09:26:21,0.9,400,80700
20240108,09:26:26,0.9,350,80900
20240108,09:26:37,0.95,600,80900
20240108,09:27:36,0.95,50,80900
20240108,09:28:23,0.95,50,80900
20240108,09:28:28,0.95,200,80900
20240108,09:28:34,0.9,1800,80900
20240108,09:28:35,0.95,50,80900
20240108,09:28:40,0.9,50,80900
20240108,09:31:04,0.9,1500,80750
20240108,09:31:13,0.85,350,80750
20240108,09:31:15,0.85,50,80750
20240108,09:31:55,0.85,1150,80750
20240108,09:31:57,0.85,1350,80750
20240108,09:35:46,0.85,50,80750
20240108,09:37:16,0.9,50,80600
20240108,09:37:26,0.9,50,80600
20240108,09:38:01,0.85,150,80600
20240108,09:38:25,0.9,50,80600
20240108,09:38:33,0.85,50,80600
20240108,09:39:32,0.9,250,80600
20240108,09:39:44,0.85,100,80600
20240108,09:39:48,0.85,50,80600
20240108,09:41:26,0.9,50,80600
20240108,09:42:12,0.9,150,80600
20240108,09:42:15,0.85,250,80600
20240108,09:42:17,0.85,100,80600
20240108,09:42:23,0.85,250,80600
20240108,09:42:24,0.85,350,80600
20240108,09:42:34,0.85,250,80600
20240108,09:42:58,0.85,50,80600
20240108,09:43:06,0.85,300,80600
20240108,09:43:08,0.9,50,80600
20240108,09:45:25,0.85,1600,80600
20240108,09:45:38,0.9,50,81250
20240108,09:45:54,0.9,50,81250
20240108,09:46:28,0.85,100,81250
20240108,09:46:47,0.9,100,81250
20240108,09:47:05,0.85,50,81250
20240108,09:50:03,0.85,1800,81150
20240108,09:50:04,0.85,2350,81150
20240108,09:50:19,0.85,1050,81150
20240108,09:51:34,0.85,100,81150
20240108,09:52:08,0.85,400,82000
20240108,09:52:24,0.85,50,82000
20240108,09:52:27,0.85,50,82000
20240108,09:52:29,0.85,50,82000
20240108,09:52:50,0.9,1800,82000
20240108,09:52:55,0.85,50,82000
20240108,09:53:05,0.85,300,82000
20240108,09:53:08,0.85,350,82000
20240108,09:53:15,0.85,300,82000
20240108,09:53:20,0.85,1250,82000
20240108,09:53:45,0.8,550,82000
20240108,09:54:16,0.85,50,82900
20240108,09:54:17,0.85,50,82900
20240108,09:54:31,0.85,1800,82900
20240108,09:54:32,0.85,700,82900
20240108,09:54:33,0.85,150,82900
20240108,09:54:41,0.85,50,82900
20240108,09:57:42,0.8,50,82900
20240108,09:58:32,0.85,50,83450
20240108,10:01:23,0.85,100,83450
20240108,10:01:25,0.85,500,83400
20240108,10:01:34,0.85,250,83400
20240108,10:01:41,0.9,550,83400
20240108,10:02:08,0.9,550,83400
20240108,10:02:08,0.85,1050,83400
20240108,10:04:07,0.9,50,83400
20240108,10:04:08,0.9,50,83400
20240108,10:04:09,0.9,100,83400
20240108,10:04:19,0.9,50,83400
20240108,10:04:20,0.95,150,83400
20240108,10:04:34,0.95,50,83400
20240108,10:04:44,0.95,150,83400
20240108,10:04:57,0.9,600,83400
20240108,10:05:30,0.9,300,83400
20240108,10:05:31,0.9,250,83050
20240108,10:06:08,0.9,300,83050
20240108,10:06:39,0.9,250,83050
20240108,10:06:46,0.85,150,83050
20240108,10:06:56,0.85,1000,83050
20240108,10:08:03,0.9,50,83050
20240108,10:08:45,0.85,50,83050
20240108,10:09:00,0.9,100,83600
20240108,10:09:19,0.85,50,83600
20240108,10:09:32,0.85,50,83600
20240108,10:09:34,0.85,50,83600
20240108,10:10:04,0.8,100,83600
20240108,10:10:21,0.9,50,83600
20240108,10:11:32,0.9,250,83600
20240108,10:12:32,0.9,350,83600
20240108,10:12:32,0.9,450,83600
20240108,10:12:34,0.9,100,83600
20240108,10:12:35,0.9,100,83600
20240108,10:12:36,0.9,50,83600
20240108,10:12:48,0.9,50,83600
20240108,10:12:53,0.9,50,83600
20240108,10:13:05,0.9,50,83600
20240108,10:14:11,0.95,300,83600
20240108,10:14:27,0.9,250,83550
20240108,10:14:37,0.95,50,83550
20240108,10:14:59,0.95,50,83550
20240108,10:15:00,0.95,50,83550
20240108,10:16:09,0.95,300,83550
20240108,10:16:17,0.95,50,83550
20240108,10:16:18,0.95,1150,83550
20240108,10:16:19,1.0,200,83550
20240108,10:16:24,1.0,1800,83550
20240108,10:17:06,0.95,450,83550
20240108,10:17:18,0.95,50,83550
20240108,10:19:22,0.95,100,83550
20240108,10:19:38,0.95,50,83250
20240108,10:20:11,0.95,50,83250
20240108,10:20:15,0.9,1200,83250
20240108,10:20:23,0.9,1550,83250
20240108,10:20:26,0.9,250,83250
20240108,10:20:34,0.9,600,83250
20240108,10:20:49,0.95,50,82400
20240108,10:21:26,0.9,500,82400
20240108,10:21:27,0.9,50,82400
20240108,10:21:28,0.9,50,82400
20240108,10:22:04,0.9,50,82400
20240108,10:22:26,0.9,50,82400
20240108,10:22:28,0.85,50,82400
20240108,10:23:43,0.9,50,82400
20240108,10:24:18,0.9,950,82100
20240108,10:24:29,0.9,50,82100
20240108,10:24:43,0.95,50,82100
20240108,10:24:52,0.95,50,82100
20240108,10:25:11,0.9,250,82100
20240108,10:25:15,0.95,50,82100
20240108,10:25:22,0.9,250,82100
20240108,10:25:44,0.95,300,82100
20240108,10:25:54,0.9,50,82100
20240108,10:26:14,0.95,150,82100
20240108,10:27:04,0.95,100,82100
20240108,10:27:09,0.9,150,82600
20240108,10:27:13,0.95,50,82600
20240108,10:27:52,0.95,500,82600
20240108,10:29:10,0.9,1700,82600
20240108,10:29:15,0.95,200,82600
20240108,10:29:30,0.95,100,82550
20240108,10:30:19,0.95,1800,82550
20240108,10:30:22,0.95,550,82550
20240108,10:30:23,0.95,50,82550
20240108,10:30:24,1.0,1850,82550
20240108,10:30:30,0.95,100,82550
20240108,10:30:33,0.95,50,82550
20240108,10:30:34,0.95,50,82550
20240108,10:30:35,1.0,1000,82550
20240108,10:30:42,0.95,150,82550
20240108,10:30:58,0.95,50,82550
20240108,10:31:00,1.0,700,82550
20240108,10:31:09,1.0,2200,82550
20240108,10:31:11,1.0,250,82550
20240108,10:31:24,1.0,1500,82550
20240108,10:31:27,0.95,200,82550
20240108,10:31:31,1.0,50,82550
20240108,10:31:32,1.0,50,82550
20240108,10:31:52,1.0,750,82550
20240108,10:31:53,1.05,1850,82550
20240108,10:31:55,1.05,50,82550
20240108,10:31:56,1.05,3750,82550
20240108,10:31:57,1.05,1250,82550
20240108,10:31:58,1.05,250,82550
20240108,10:31:59,1.0,250,82550
20240108,10:32:00,1.0,250,82550
20240108,10:32:01,1.0,550,82550
20240108,10:32:02,1.0,250,82550
20240108,10:32:03,1.0,250,82550
20240108,10:32:04,1.0,250,82550
20240108,10:32:05,1.0,100,82550
20240108,10:32:21,1.0,3050,82550
20240108,10:32:34,1.0,150,82550
20240108,10:32:35,1.0,100,86350
20240108,10:32:36,1.0,50,86350
20240108,10:32:37,1.0,50,86350
20240108,10:33:23,1.05,50,86350
20240108,10:34:02,1.05,250,86350
20240108,10:34:03,1.0,50,86350
20240108,10:34:07,1.1,550,86350
20240108,10:34:08,1.05,900,86350
20240108,10:34:09,1.1,500,86350
20240108,10:34:10,1.05,950,86350
20240108,10:34:12,1.1,1800,86350
20240108,10:34:14,1.1,50,86350
20240108,10:34:15,1.1,50,86350
20240108,10:34:17,1.1,600,86350
20240108,10:34:19,1.1,50,86350
20240108,10:34:20,1.1,400,86350
20240108,10:34:21,1.1,250,86350
20240108,10:34:34,1.15,150,86350
20240108,10:34:35,1.15,50,86350
20240108,10:34:44,1.1,50,86350
20240108,10:34:55,1.15,1800,86350
20240108,10:34:56,1.1,50,86350
20240108,10:35:26,1.1,50,86350
20240108,10:36:05,1.15,150,86350
20240108,10:36:07,1.15,50,88100
20240108,10:36:37,1.15,100,88100
20240108,10:36:52,1.15,50,88100
20240108,10:37:05,1.1,800,88100
20240108,10:37:20,1.15,950,88100
20240108,10:37:58,1.1,50,88100
20240108,10:39:05,1.15,100,88100
20240108,10:39:10,1.1,950,89250
20240108,10:39:44,1.1,850,89250
20240108,10:39:46,1.1,100,89250
20240108,10:40:05,1.1,250,89250
20240108,10:40:33,1.1,50,89250
20240108,10:40:56,1.05,100,89250
20240108,10:41:01,1.05,250,89250
20240108,10:41:09,1.05,250,89250
20240108,10:41:44,1.05,200,89250
20240108,10:42:23,1.05,50,89750
20240108,10:43:39,1.05,250,89750
20240108,10:43:52,1.05,200,89750
20240108,10:43:55,1.05,50,89750
20240108,10:43:57,1.05,50,89750
20240108,10:44:00,1.05,50,89750
20240108,10:44:01,1.1,100,89750
20240108,10:44:04,1.05,50,89750
20240108,10:44:07,1.05,50,89750
20240108,10:44:16,1.05,50,89750
20240108,10:44:34,1.05,50,89750
20240108,10:44:45,1.05,100,89900
20240108,10:44:49,1.05,300,89900
20240108,10:44:54,1.05,100,89900
20240108,10:44:57,1.05,100,89900
20240108,10:45:03,1.05,100,89900
20240108,10:45:49,1.05,500,89900
20240108,10:45:56,1.0,250,89900
20240108,10:46:08,1.0,1500,89900
20240108,10:46:54,1.0,400,89900
20240108,10:47:00,1.05,50,89900
20240108,10:48:04,1.05,50,89900
20240108,10:48:37,1.05,100,88450
20240108,10:48:39,1.0,50,88450
20240108,10:48:47,1.0,300,88450
20240108,10:49:19,1.0,1800,88450
20240108,10:49:19,0.95,1850,88450
20240108,10:49:31,1.0,50,88450
20240108,10:49:48,1.0,50,88450
20240108,10:50:03,0.95,550,88450
20240108,10:50:03,0.95,500,88450
20240108,10:50:04,0.95,500,88450
20240108,10:50:09,0.95,400,88450
20240108,10:50:10,0.95,450,88450
20240108,10:50:11,0.95,1150,88450
20240108,10:50:57,0.95,250,87200
20240108,10:51:14,0.9,650,87200
20240108,10:51:15,0.9,2200,87200
20240108,10:51:16,0.9,50,87200
20240108,10:51:29,0.9,300,87200
20240108,10:51:39,0.9,700,87200
20240108,10:51:40,0.9,100,87200
20240108,10:51:52,0.9,250,87200
20240108,10:52:05,0.9,50,87200
20240108,10:52:21,0.9,50,87200
20240108,10:52:56,0.9,50,87200
20240108,10:53:08,0.9,250,87200
20240108,10:54:07,0.85,50,87200
20240108,10:54:19,0.9,50,84200
20240108,10:55:15,0.85,1200,84200
20240108,10:56:21,0.8,1800,84200
20240108,10:56:28,0.8,100,84200
20240108,10:56:29,0.8,1800,84200
20240108,10:56:35,0.8,50,83750
20240108,10:57:06,0.8,500,83750
20240108,10:57:22,0.85,50,83750
20240108,10:57:32,0.8,1800,83750
20240108,10:57:50,0.8,2400,83750
20240108,10:57:51,0.8,1200,83750
20240108,10:57:56,0.75,1900,83750
20240108,10:57:58,0.8,50,83750
20240108,10:58:10,0.75,1800,83750
20240108,10:58:16,0.75,1800,83750
20240108,10:58:39,0.8,50,83750
20240108,10:59:01,0.75,100,83750
20240108,10:59:12,0.8,250,83750
20240108,10:59:24,0.75,1800,83750
20240108,10:59:31,0.75,100,83750
20240108,11:01:07,0.75,1400,83750
20240108,11:01:08,0.7,1900,83750
20240108,11:01:10,0.7,100,83750
20240108,11:01:20,0.7,300,83750
20240108,11:01:21,0.75,400,83750
20240108,11:01:21,0.75,50,83750
20240108,11:01:22,0.75,250,83750
20240108,11:01:23,0.75,50,83750
20240108,11:01:27,0.75,8100,83750
20240108,11:02:41,0.75,1850,83750
20240108,11:02:43,0.75,50,84050
20240108,11:02:44,0.75,50,84050
20240108,11:02:45,0.75,50,84050
20240108,11:03:01,0.75,500,84050
20240108,11:03:10,0.75,200,84050
20240108,11:03:30,0.75,700,84050
20240108,11:03:31,0.75,1800,84050
20240108,11:03:32,0.7,500,84050
20240108,11:03:34,0.7,50,84050
20240108,11:06:30,0.75,50,82300
20240108,11:06:33,0.75,50,82300
20240108,11:06:34,0.75,50,82300
20240108,11:06:48,0.75,50,82300
20240108,11:06:52,0.75,50,82300
20240108,11:07:05,0.75,250,82300
20240108,11:07:05,0.75,50,82300
20240108,11:07:07,0.75,350,82300
20240108,11:07:08,0.75,650,82300
20240108,11:07:09,0.75,1000,82300
20240108,11:07:31,0.75,50,82300
20240108,11:07:45,0.75,50,82300
20240108,11:07:46,0.75,50,82300
20240108,11:07:47,0.75,200,82300
20240108,11:07:59,0.75,50,82300
20240108,11:08:29,0.75,350,82300
20240108,11:08:32,0.75,50,82300
20240108,11:08:33,0.75,50,82300
20240108,11:08:39,0.75,100,80950
20240108,11:08:40,0.75,50,80950
20240108,11:08:51,0.7,300,80950
20240108,11:08:53,0.7,250,80950
20240108,11:09:04,0.7,250,80950
20240108,11:09:06,0.7,250,80950
20240108,11:09:10,0.7,250,80950
20240108,11:09:16,0.7,250,80950
20240108,11:09:18,0.7,350,80950
20240108,11:09:26,0.7,250,80950
20240108,11:09:29,0.75,2900,80950
20240108,11:09:38,0.75,2900,80950
20240108,11:11:41,0.75,50,80950
20240108,11:13:47,0.75,100,86400
20240108,11:16:39,0.75,100,86400
20240108,11:19:01,0.75,50,86450
20240108,11:20:10,0.75,50,86450
20240108,11:23:26,0.75,50,86450
20240108,11:23:34,0.75,100,86450
20240108,11:25:18,0.75,1500,86450
20240108,11:26:52,0.75,250,86450
20240108,11:27:47,0.7,500,86450
20240108,11:27:55,0.75,50,86450
20240108,11:29:37,0.7,50,86450
20240108,11:29:56,0.7,50,86700
20240108,11:31:04,0.8,1000,86700
20240108,11:31:38,0.75,50,86700
20240108,11:31:55,0.8,50,86700
20240108,11:31:58,0.75,50,86700
20240108,11:32:24,0.75,100,86700
20240108,11:32:25,0.75,50,86700
20240108,11:32:32,0.75,100,86700
20240108,11:32:33,0.75,50,86700
20240108,11:33:52,0.75,1000,86700
20240108,11:33:53,0.75,50,87350
20240108,11:33:55,0.8,500,87350
20240108,11:34:01,0.8,550,87350
20240108,11:34:04,0.75,600,87350
20240108,11:34:13,0.8,800,87350
20240108,11:34:14,0.75,50,87350
20240108,11:34:15,0.75,150,87350
20240108,11:34:18,0.75,50,87350
20240108,11:34:19,0.8,500,87350
20240108,11:34:22,0.8,550,87350
20240108,11:34:37,0.8,300,87350
20240108,11:34:39,0.8,550,87350
20240108,11:34:43,0.8,250,87350
20240108,11:34:45,0.8,1000,87350
20240108,11:35:00,0.8,300,87350
20240108,11:35:01,0.8,250,87350
20240108,11:35:02,0.8,900,87350
20240108,11:35:03,0.8,1050,87350
20240108,11:35:52,0.75,50,88200
20240108,11:37:07,0.75,50,88200
20240108,11:37:09,0.8,3550,88200
20240108,11:37:32,0.8,50,88200
20240108,11:37:33,0.8,50,88200
20240108,11:37:35,0.8,50,88200
20240108,11:37:40,0.8,250,88200
20240108,11:37:56,0.8,50,88200
20240108,11:38:55,0.8,50,87000
20240108,11:38:56,0.8,50,87000
20240108,11:39:30,0.85,100,87000
20240108,11:40:44,0.8,50,87000
20240108,11:42:35,0.85,550,87000
20240108,11:43:51,0.85,50,87000
20240108,11:44:18,0.85,2050,87000
20240108,11:44:34,0.85,100,87000
20240108,11:45:12,0.9,3950,88950
20240108,11:45:54,0.9,600,88950
20240108,11:46:10,0.9,1200,88950
20240108,11:46:11,0.9,700,88950
20240108,11:46:20,0.9,450,88950
20240108,11:46:21,0.9,50,88950
20240108,11:46:22,0.9,150,88950
20240108,11:46:27,0.75,3200,88950
20240108,11:46:28,0.9,2300,88950
20240108,11:46:32,0.85,50,88950
20240108,11:46:40,0.85,50,88950
20240108,11:46:41,0.85,1750,88950
20240108,11:46:49,0.95,5400,88950
20240108,11:46:53,0.9,50,88950
20240108,11:47:04,0.9,100,88950
20240108,11:47:06,0.95,1800,88950
20240108,11:47:12,0.9,250,88950
20240108,11:48:34,0.85,50,88950
20240108,11:48:35,0.85,150,95850
20240108,11:50:14,0.9,1900,95850
20240108,11:53:16,0.95,250,95850
20240108,11:53:31,0.9,50,97250
20240108,11:53:52,0.95,50,97350
20240108,11:54:15,0.85,500,97350
20240108,11:54:21,0.85,250,97350
20240108,11:54:23,0.85,250,97350
20240108,11:54:38,0.85,500,97350
20240108,11:54:39,0.85,500,97350
20240108,11:54:40,0.85,600,97350
20240108,11:54:40,0.8,550,97350
20240108,11:54:41,0.8,250,97350
20240108,11:54:42,0.8,550,97350
20240108,11:54:52,0.8,50,97350
20240108,11:54:54,0.8,250,97350
20240108,11:54:55,0.85,200,97350
20240108,11:54:56,0.8,1050,97350
20240108,11:54:58,0.8,500,97350
20240108,11:54:58,0.85,600,97350
20240108,11:55:00,0.8,500,97350
20240108,11:55:00,0.75,1700,97350
20240108,11:55:01,0.75,1000,97350
20240108,11:55:02,0.75,50,97350
20240108,11:57:28,0.75,1800,95850
20240108,11:58:38,0.75,1700,95850
20240108,11:58:39,0.75,2450,95850
20240108,11:58:46,0.8,1500,95850
20240108,11:58:47,0.8,500,95850
20240108,11:58:49,0.75,1350,95850
20240108,11:59:05,0.75,50,95850
20240108,11:59:10,0.75,50,95850
20240108,11:59:17,0.75,150,95850
20240108,11:59:22,0.75,2900,95850
20240108,11:59:23,0.75,300,95850
20240108,11:59:37,0.75,150,95850
20240108,12:01:04,0.75,1800,90900
20240108,12:02:48,0.75,1500,90900
20240108,12:03:11,0.75,50,91050
20240108,12:03:18,0.75,1800,91050
20240108,12:03:24,0.75,3250,91050
20240108,12:03:25,0.75,3350,91050
20240108,12:03:48,0.75,300,91050
20240108,12:03:52,0.75,250,91050
20240108,12:04:04,0.75,50,91050
20240108,12:04:05,0.7,350,91050
20240108,12:05:17,0.75,50,91050
20240108,12:05:24,0.8,50,91050
20240108,12:05:24,0.75,50,91050
20240108,12:05:40,0.75,300,91050
20240108,12:05:44,0.7,50,91050
20240108,12:06:59,0.75,100,93600
20240108,12:07:03,0.75,100,93600
20240108,12:08:59,0.75,350,93700
20240108,12:10:28,0.75,50,93700
20240108,12:10:46,0.8,150,93700
20240108,12:10:56,0.75,250,93700
20240108,12:11:25,0.7,150,93700
20240108,12:11:31,0.8,1850,93700
20240108,12:15:34,0.75,50,95650
20240108,12:16:31,0.8,500,95650
20240108,12:17:57,0.75,150,96100
20240108,12:18:24,0.8,500,96100
20240108,12:18:32,0.75,1550,96100
20240108,12:18:40,0.8,550,96100
20240108,12:18:42,0.8,500,96100
20240108,12:21:36,0.8,1600,96100
20240108,12:26:48,0.75,50,97250
20240108,12:28:33,0.8,1800,97250
20240108,12:30:27,0.75,500,98300
20240108,12:32:31,0.8,1050,98300
20240108,12:33:35,0.8,50,98300
20240108,12:34:00,0.8,50,98850
20240108,12:34:03,0.8,200,98850
20240108,12:34:05,0.8,50,98850
20240108,12:35:01,0.85,50,98850
20240108,12:35:16,0.9,1800,98850
20240108,12:36:20,0.8,250,98850
20240108,12:36:21,0.85,50,99750
20240108,12:36:31,0.8,250,99750
20240108,12:36:32,0.8,250,99750
20240108,12:36:33,0.8,250,99750
20240108,12:37:08,0.8,250,99750
20240108,12:39:55,0.85,50,99750
20240108,12:40:04,0.8,50,98350
20240108,12:40:21,0.85,1850,98350
20240108,12:42:02,0.85,450,98350
20240108,12:42:03,0.85,250,99800
20240108,12:42:04,0.85,200,99800
20240108,12:42:38,0.85,50,99800
20240108,12:43:06,0.85,50,99800
20240108,12:43:18,0.85,50,99800
20240108,12:43:46,0.85,600,99800
20240108,12:43:54,0.85,200,99800
20240108,12:44:38,0.85,400,99800
20240108,12:47:22,0.8,50,99800
20240108,12:47:51,0.85,250,100250
20240108,12:48:44,0.85,50,100200
20240108,12:51:40,0.8,50,100200
20240108,12:52:55,0.85,1800,100200
20240108,12:54:42,0.7,9350,100500
20240108,12:54:43,0.8,100,100500
20240108,12:55:00,0.8,550,100500
20240108,12:55:06,0.8,100,100500
20240108,12:55:11,0.8,250,100500
20240108,12:55:17,0.8,50,100500
20240108,12:55:19,0.8,150,100500
20240108,12:55:20,0.8,50,100500
20240108,12:55:24,0.8,50,100500
20240108,12:55:31,0.8,50,100500
20240108,12:55:48,0.8,150,100500
20240108,12:55:50,0.8,100,100500
20240108,12:55:55,0.8,50,100500
20240108,12:55:58,0.8,50,100500
20240108,12:56:01,0.8,200,100500
20240108,12:56:03,0.8,150,100500
20240108,12:56:04,0.8,50,100500
20240108,12:56:55,0.8,1800,100500
20240108,12:57:55,0.8,50,95400
20240108,12:57:57,0.8,50,95400
20240108,12:58:07,0.8,50,95400
20240108,12:58:16,0.8,50,95400
20240108,13:01:03,0.75,100,95400
20240108,13:08:49,0.8,1800,95350
20240108,13:13:15,0.7,4000,95350
20240108,13:13:53,0.8,550,97150
20240108,13:13:54,0.75,550,97150
20240108,13:14:28,0.75,1800,97150
20240108,13:14:32,0.8,1800,97150
20240108,13:14:38,0.75,1550,97150
20240108,13:17:00,0.75,50,97150
20240108,13:18:30,0.8,1200,95300
20240108,13:20:00,0.8,50,95300
20240108,13:20:50,0.8,50,95300
20240108,13:24:00,0.8,250,95300
20240108,13:24:00,0.8,250,95350
20240108,13:24:28,0.8,250,95350
20240108,13:25:28,0.8,300,95350
20240108,13:25:33,0.8,250,95350
20240108,13:26:09,0.8,50,95350
20240108,13:26:38,0.8,1800,95350
20240108,13:26:48,0.8,50,95350
20240108,13:26:53,0.85,500,95350
20240108,13:27:03,0.8,50,95200
20240108,13:27:12,0.8,50,95200
20240108,13:33:01,0.8,50,95200
20240108,13:33:02,0.8,500,95300
20240108,13:41:44,0.8,100,94750
20240108,13:42:31,0.8,300,94750
20240108,13:43:49,0.8,50,94700
20240108,13:44:07,0.85,350,94700
20240108,13:44:25,0.85,100,94700
20240108,13:45:56,0.8,400,95050
20240108,13:48:09,0.75,800,94650
20240108,13:49:39,0.75,50,94650
20240108,13:50:29,0.75,50,94650
20240108,13:51:03,0.7,200,94650
20240108,13:52:25,0.75,250,95400
20240108,13:53:09,0.7,50,95400
20240108,13:53:22,0.7,250,95400
20240108,13:53:37,0.75,50,95400
20240108,13:53:49,0.75,250,95400
20240108,13:54:12,0.75,50,95100
20240108,13:55:20,0.75,250,95100
20240108,13:56:35,0.75,250,95100
20240108,13:56:43,0.75,250,95100
20240108,13:56:44,0.75,250,95100
20240108,13:56:45,0.75,150,95100
20240108,13:56:46,0.75,250,95100
20240108,13:56:50,0.75,250,95100
20240108,13:56:54,0.75,50,95100
20240108,13:56:57,0.75,250,95100
20240108,13:58:00,0.75,100,95100
20240108,13:58:18,0.75,200,95750
20240108,13:59:47,0.75,50,95750
20240108,14:00:03,0.75,50,96050
20240108,14:00:11,0.8,250,96050
20240108,14:00:12,0.75,400,96050
20240108,14:00:13,0.75,150,96050
20240108,14:00:57,0.75,450,96050
20240108,14:02:11,0.75,1000,96050
20240108,14:02:17,0.8,500,96050
20240108,14:02:18,0.75,500,96050
20240108,14:05:21,0.8,550,96050
20240108,14:05:22,0.75,50,95800
20240108,14:05:23,0.75,50,95800
20240108,14:05:24,0.75,50,95800
20240108,14:05:25,0.75,50,95800
20240108,14:05:26,0.75,50,95800
20240108,14:05:27,0.8,300,95800
20240108,14:05:27,0.75,100,95800
20240108,14:05:28,0.75,900,95800
20240108,14:05:29,0.75,200,95800
20240108,14:08:29,0.8,250,95800
20240108,14:08:57,0.8,350,95200
20240108,14:11:20,0.8,250,95250
20240108,14:12:06,0.75,250,95250
20240108,14:12:11,0.8,50,95500
20240108,14:12:53,0.65,7800,95500
20240108,14:12:55,0.75,150,95500
20240108,14:12:56,0.75,1800,95500
20240108,14:12:57,0.75,50,95500
20240108,14:13:00,0.75,50,95500
20240108,14:13:08,0.75,50,95500
20240108,14:13:13,0.7,50,95500
20240108,14:15:07,0.75,1650,91950
20240108,14:16:04,0.75,50,91950
20240108,14:16:21,0.8,50,91950
20240108,14:17:17,0.75,50,91950
20240108,14:20:01,0.8,100,91950
20240108,14:20:02,0.8,1800,92650
20240108,14:23:27,0.75,50,92850
20240108,14:23:34,0.75,1150,92850
20240108,14:23:34,0.75,200,92850
20240108,14:24:09,0.75,300,92850
20240108,14:24:12,0.75,350,91850
20240108,14:24:15,0.75,450,91850
20240108,14:25:11,0.75,100,91850
20240108,14:25:17,0.75,50,91850
20240108,14:25:20,0.75,50,91850
20240108,14:25:23,0.75,50,91850
20240108,14:25:32,0.75,50,91850
20240108,14:26:46,0.8,50,91850
20240108,14:26:56,0.75,250,91850
20240108,14:27:47,0.7,100,91850
20240108,14:28:03,0.75,50,93100
20240108,14:28:07,0.75,50,93100
20240108,14:28:08,0.7,150,93100
20240108,14:30:58,0.75,250,92950
20240108,14:33:00,0.75,50,92950
20240108,14:33:24,0.75,350,92700
20240108,14:33:25,0.75,50,92700
20240108,14:33:44,0.75,300,92700
20240108,14:34:16,0.8,1500,92700
20240108,14:34:29,0.75,50,92700
20240108,14:35:03,0.75,900,92700
20240108,14:35:04,0.75,400,92700
20240108,14:35:06,0.75,50,92700
20240108,14:35:46,0.7,2250,92700
20240108,14:35:46,0.7,50,92700
20240108,14:37:04,0.65,1800,94100
20240108,14:37:10,0.7,250,94100
20240108,14:37:18,0.65,50,94100
20240108,14:37:35,0.65,1800,94100
20240108,14:37:35,0.65,50,94100
20240108,14:37:42,0.65,50,94100
20240108,14:37:47,0.65,50,94100
20240108,14:38:10,0.65,50,94100
20240108,14:38:11,0.65,300,94100
20240108,14:38:45,0.65,100,94100
20240108,14:39:26,0.65,1150,94100
20240108,14:39:26,0.6,3600,92400
20240108,14:39:39,0.6,1550,92400
20240108,14:39:58,0.6,50,92400
20240108,14:40:03,0.6,150,92400
20240108,14:40:12,0.6,1800,92400
20240108,14:41:57,0.6,1800,92400
20240108,14:42:42,0.6,4850,92400
20240108,14:42:43,0.6,450,92150
20240108,14:42:45,0.65,50,92150
20240108,14:44:03,0.6,50,92150
20240108,14:44:53,0.6,3350,92150
20240108,14:44:54,0.6,100,92150
20240108,14:45:07,0.6,250,87800
20240108,14:45:13,0.6,50,87800
20240108,14:45:34,0.6,50,87800
20240108,14:45:46,0.6,50,87800
20240108,14:46:08,0.6,100,87800
20240108,14:46:08,0.55,1900,87800
20240108,14:48:23,0.55,1800,87800
20240108,14:49:04,0.55,100,87550
20240108,14:49:07,0.55,250,87550
20240108,14:49:27,0.6,250,87550
20240108,14:51:23,0.55,50,87500
20240108,14:52:34,0.65,250,87500
20240108,14:53:34,0.65,50,87500
20240108,14:54:39,0.65,100,87500
20240108,14:54:40,0.6,50,87800
20240108,14:56:45,0.6,1050,87800
20240108,14:56:50,0.65,250,87800
20240108,14:56:53,0.6,300,87800
20240108,14:56:54,0.65,350,87800
20240108,14:56:56,0.6,200,87800
20240108,14:56:57,0.6,50,87800
20240108,14:57:01,0.65,500,87800
20240108,14:57:06,0.65,550,87800
20240108,14:57:09,0.65,500,87550
20240108,14:58:33,0.65,500,87550
20240108,14:58:33,0.6,100,87550
20240108,14:58:34,0.6,100,87550
20240108,14:58:35,0.6,50,87550
20240108,14:58:36,0.6,100,87550
20240108,14:58:37,0.6,100,87550
20240108,14:58:38,0.6,50,87550
20240108,14:58:39,0.6,50,87550
20240108,14:58:42,0.6,50,87550
20240108,14:58:44,0.6,50,87550
20240108,14:59:13,0.6,50,87550
20240108,14:59:14,0.65,250,87550
20240108,14:59:14,0.6,300,87550
20240108,14:59:16,0.65,500,87550
20240108,14:59:17,0.65,500,87550
20240108,14:59:24,0.65,500,87550
20240108,14:59:35,0.6,1500,87550
20240108,14:59:56,0.6,50,87550
20240108,15:00:07,0.6,500,87550
20240108,15:00:10,0.6,800,87050
20240108,15:00:12,0.6,50,87050
20240108,15:01:10,0.6,50,87050
20240108,15:01:21,0.6,50,87050
20240108,15:01:27,0.6,200,87050
20240108,15:01:28,0.55,250,87050
20240108,15:01:29,0.55,250,87050
20240108,15:01:35,0.55,550,87050
20240108,15:01:39,0.6,100,87050
20240108,15:01:58,0.65,900,87050
20240108,15:02:00,0.65,800,87050
20240108,15:02:02,0.65,250,87050
20240108,15:02:05,0.65,500,87050
20240108,15:02:16,0.6,50,87050
20240108,15:02:19,0.65,550,87050
20240108,15:02:20,0.65,500,87050
20240108,15:02:22,0.6,50,87050
20240108,15:04:29,0.65,500,87050
20240108,15:05:02,0.65,500,87000
20240108,15:05:03,0.6,50,87000
20240108,15:05:04,0.65,900,87000
20240108,15:05:11,0.6,600,87000
20240108,15:05:12,0.6,50,87000
20240108,15:05:13,0.6,50,87000
20240108,15:05:14,0.6,50,87000
20240108,15:06:12,0.65,500,87800
20240108,15:07:08,0.6,50,87800
20240108,15:07:47,0.6,50,87800
20240108,15:07:49,0.6,50,87800
20240108,15:08:07,0.6,150,87800
20240108,15:08:07,0.6,550,87800
20240108,15:08:08,0.6,300,87800
20240108,15:08:09,0.6,450,87800
20240108,15:08:10,0.6,50,87800
20240108,15:08:11,0.6,650,87800
20240108,15:08:12,0.6,950,87800
20240108,15:08:13,0.6,350,87800
20240108,15:08:14,0.6,200,87800
20240108,15:08:15,0.6,50,87800
20240108,15:08:16,0.6,200,87800
20240108,15:08:17,0.6,50,87800
20240108,15:08:18,0.6,300,87800
20240108,15:08:19,0.6,50,87800
20240108,15:08:20,0.6,400,87800
20240108,15:08:23,0.6,150,87800
20240108,15:08:24,0.6,450,87800
20240108,15:08:26,0.6,50,87800
20240108,15:08:26,0.6,200,87800
20240108,15:08:27,0.6,100,87800
20240108,15:08:28,0.6,250,87800
20240108,15:08:29,0.6,300,87800
20240108,15:08:30,0.6,400,87800
20240108,15:08:32,0.6,200,87800
20240108,15:08:34,0.6,100,87800
20240108,15:08:34,0.6,150,87800
20240108,15:08:35,0.6,50,87800
20240108,15:08:36,0.6,50,87800
20240108,15:08:37,0.55,550,87800
20240108,15:08:39,0.6,50,87800
20240108,15:08:41,0.6,50,87800
20240108,15:08:42,0.55,550,87800
20240108,15:09:05,0.55,500,87800
20240108,15:09:40,0.55,50,86000
20240108,15:09:59,0.6,400,86000
20240108,15:10:00,0.6,50,86000
20240108,15:10:32,0.6,100,86000
20240108,15:11:33,0.6,200,86000
20240108,15:11:48,0.6,50,86000
20240108,15:11:52,0.6,50,86000
20240108,15:12:27,0.6,500,86000
20240108,15:12:41,0.6,600,86250
20240108,15:12:50,0.6,1650,86250
20240108,15:13:11,0.6,1050,86250
20240108,15:13:24,0.6,1800,86250
20240108,15:13:49,0.6,50,86250
20240108,15:14:06,0.55,1800,86250
20240108,15:14:20,0.6,250,86250
20240108,15:14:30,0.55,1800,86250
20240108,15:15:05,0.55,1800,86250
20240108,15:15:40,0.6,600,86250
20240108,15:15:41,0.6,5400,88300
20240108,15:16:02,0.55,1900,88300
20240108,15:16:03,0.55,50,88300
20240108,15:17:14,0.55,1800,88300
20240108,15:18:32,0.55,2000,81650
20240108,15:18:42,0.55,50,81650
20240108,15:19:32,0.6,50,81650
20240108,15:20:04,0.6,250,81650
20240108,15:20:11,0.55,100,81650
20240108,15:20:21,0.55,1800,81650
20240108,15:21:20,0.55,50,81450
20240108,15:21:23,0.6,50,81450
20240108,15:22:07,0.55,50,81450
20240108,15:22:16,0.55,50,81450
20240108,15:22:18,0.55,600,81450
20240108,15:22:25,0.55,100,81450
20240108,15:22:25,0.55,50,81450
20240108,15:23:55,0.55,1800,81450
20240108,15:24:32,0.55,50,81450
20240108,15:24:32,0.55,1000,81450
20240108,15:24:33,0.55,50,81450
20240108,15:24:39,0.55,50,81450
20240108,15:24:57,0.55,50,81450
20240108,15:25:15,0.55,50,81450
20240108,15:25:20,0.55,50,81450
20240108,15:25:35,0.55,50,81450
20240108,15:27:00,0.55,50,81450
20240108,15:27:45,0.55,50,81450
20240108,15:28:18,0.55,3600,81450
20240108,15:28:39,0.6,1100,81450
20240108,15:28:54,0.55,300,81450
20240108,15:28:55,0.55,1800,81450
20240108,15:28:58,0.55,50,81450
20240108,15:29:47,0.55,550,81450
20240109,09:15:01,0.55,1,84350
20240109,09:15:01,0.55,250,84350
20240109,09:15:06,0.55,50,84350
20240109,09:15:07,0.55,250,84350
20240109,09:15:08,0.7,150,84350
20240109,09:15:09,0.6,100,84350
20240109,09:15:10,0.85,50,84350
20240109,09:15:18,0.85,100,84350
20240109,09:15:32,0.6,50,84350
20240109,09:16:10,0.65,250,84350
20240109,09:16:16,0.6,300,84350
20240109,09:16:20,0.65,50,84350
20240109,09:16:21,0.6,250,84350
20240109,09:16:22,0.65,1600,84350
20240109,09:16:23,0.65,500,84350
20240109,09:16:27,0.65,550,84350
20240109,09:16:28,0.65,250,84350
20240109,09:16:31,0.65,550,84350
20240109,09:16:32,0.65,250,84350
20240109,09:16:33,0.6,250,84350
20240109,09:16:35,0.65,250,84350
20240109,09:16:38,0.65,50,84350
20240109,09:16:55,0.65,150,84350
20240109,09:18:07,0.6,50,84350
20240109,09:18:27,0.65,1000,85100
20240109,09:18:40,0.65,350,85100
20240109,09:19:01,0.6,450,85100
20240109,09:19:05,0.6,300,85100
20240109,09:20:01,0.6,250,85100
20240109,09:20:23,0.65,50,85100
20240109,09:20:50,0.65,50,85700
20240109,09:20:58,0.65,50,85700
20240109,09:21:34,0.65,250,85700
20240109,09:23:08,0.65,1800,85700
20240109,09:23:11,0.65,1800,85700
20240109,09:23:17,0.65,100,85700
20240109,09:23:18,0.65,1800,85700
20240109,09:23:23,0.65,1800,85700
20240109,09:23:25,0.65,50,85700
20240109,09:23:26,0.65,1800,85700
20240109,09:23:29,0.65,1800,86000
20240109,09:23:36,0.6,100,86000
20240109,09:23:38,0.65,50,86000
20240109,09:24:20,0.65,1800,86000
20240109,09:24:21,0.65,1800,86000
20240109,09:24:23,0.65,1800,86000
20240109,09:24:25,0.65,1800,86000
20240109,09:24:27,0.65,1800,86000
20240109,09:24:30,0.65,50,86000
20240109,09:24:31,0.65,1800,86000
20240109,09:24:32,0.65,1850,86000
20240109,09:25:40,0.6,50,86000
20240109,09:26:05,0.6,200,86000
20240109,09:26:10,0.65,1800,86000
20240109,09:26:13,0.65,50,86000
20240109,09:26:19,0.65,400,86000
20240109,09:26:26,0.65,50,86000
20240109,09:27:21,0.65,4200,86000
20240109,09:27:22,0.65,100,90250
20240109,09:27:23,0.65,500,90250
20240109,09:27:26,0.65,4400,90250
20240109,09:27:32,0.65,50,90250
20240109,09:27:41,0.7,1800,90250
20240109,09:28:07,0.65,50,90250
20240109,09:28:26,0.7,1800,90250
20240109,09:29:44,0.7,50,90250
20240109,09:31:21,0.7,50,88750
20240109,09:31:22,0.65,9200,88750
20240109,09:31:24,0.65,250,88750
20240109,09:31:31,0.65,250,88750
20240109,09:31:31,0.65,50,88750
20240109,09:31:36,0.65,300,88750
20240109,09:31:39,0.65,1800,88750
20240109,09:31:41,0.65,1800,88750
20240109,09:31:42,0.65,1800,88750
20240109,09:31:43,0.65,1800,88750
20240109,09:31:45,0.65,1900,88750
20240109,09:31:45,0.65,1450,88750
20240109,09:31:47,0.7,1800,88750
20240109,09:31:50,0.7,50,88750
20240109,09:32:02,0.65,350,88750
20240109,09:33:02,0.7,250,85500
20240109,09:35:22,0.7,50,85500
20240109,09:35:50,0.7,50,85500
20240109,09:35:52,0.65,50,85500
20240109,09:36:13,0.65,50,85500
20240109,09:36:43,0.7,50,85500
20240109,09:37:16,0.7,200,85500
20240109,09:37:48,0.65,200,85500
20240109,09:38:01,0.65,600,85500
20240109,09:38:02,0.65,300,85500
20240109,09:38:14,0.65,250,85500
20240109,09:38:17,0.65,300,85500
20240109,09:38:35,0.65,300,85500
20240109,09:38:43,0.65,250,85500
20240109,09:39:02,0.65,350,85500
20240109,09:39:12,0.65,300,85500
20240109,09:39:14,0.65,300,85500
20240109,09:39:27,0.65,300,85500
20240109,09:39:41,0.7,50,85500
20240109,09:39:50,0.65,50,85500
20240109,09:40:02,0.65,250,85500
20240109,09:40:10,0.7,1800,85500
20240109,09:40:14,0.65,50,85500
20240109,09:40:17,0.7,1800,85500
20240109,09:40:28,0.65,50,85500
20240109,09:40:32,0.7,1800,85500
20240109,09:40:42,0.65,250,85500
20240109,09:40:46,0.7,50,85500
20240109,09:40:58,0.65,2000,85500
20240109,09:41:13,0.7,50,85500
20240109,09:41:24,0.7,1800,85500
20240109,09:41:25,0.65,1050,85500
20240109,09:41:27,0.65,2650,85500
20240109,09:41:37,0.7,1800,88850
20240109,09:41:39,0.65,1150,88850
20240109,09:41:43,0.7,1800,88850
20240109,09:41:45,0.65,1050,88850
20240109,09:41:58,0.7,1800,88850
20240109,09:42:03,0.65,1000,88850
20240109,09:42:05,0.65,50,88850
20240109,09:42:11,0.7,1800,88850
20240109,09:42:24,0.65,2600,88850
20240109,09:42:25,0.65,2150,88850
20240109,09:43:00,0.65,50,88850
20240109,09:43:11,0.65,50,88850
20240109,09:43:33,0.6,50,88850
20240109,09:43:35,0.7,1800,88850
20240109,09:43:50,0.7,1800,88850
20240109,09:44:14,0.7,750,88850
20240109,09:44:47,0.65,50,88850
20240109,09:45:30,0.65,1250,93050
20240109,09:45:40,0.65,150,93050
20240109,09:46:02,0.6,500,93050
20240109,09:46:03,0.6,1500,93050
20240109,09:46:04,0.55,1000,93050
20240109,09:46:06,0.6,100,93050
20240109,09:46:07,0.6,50,93050
20240109,09:46:08,0.6,50,93050
20240109,09:46:09,0.6,50,93050
20240109,09:46:10,0.55,550,93050
20240109,09:46:11,0.55,500,93050
20240109,09:46:12,0.55,150,93050
20240109,09:46:32,0.55,1800,93050
20240109,09:46:41,0.6,450,93050
20240109,09:47:00,0.6,50,93050
20240109,09:47:01,0.6,800,93050
20240109,09:47:02,0.6,2000,93050
20240109,09:47:03,0.6,100,93050
20240109,09:47:07,0.6,100,93050
20240109,09:47:08,0.65,50,93050
20240109,09:47:12,0.6,250,93050
20240109,09:47:28,0.55,50,93050
20240109,09:47:36,0.55,1800,91650
20240109,09:48:23,0.6,250,91650
20240109,09:48:51,0.6,100,91650
20240109,09:49:49,0.55,1000,91650
20240109,09:50:14,0.6,350,91650
20240109,09:50:17,0.6,300,91650
20240109,09:50:24,0.6,50,91650
20240109,09:50:40,0.6,1800,92550
20240109,09:50:49,0.65,50,92550
20240109,09:51:44,0.65,50,92550
20240109,09:52:33,0.6,100,92550
20240109,09:52:57,0.65,250,92550
20240109,09:53:05,0.65,250,92550
20240109,09:54:16,0.65,500,94450
20240109,09:54:21,0.65,150,94450
20240109,09:55:47,0.6,500,94450
20240109,09:55:52,0.6,750,94450
20240109,09:55:53,0.65,500,94450
20240109,09:56:06,0.65,300,94450
20240109,09:56:06,0.6,200,94450
20240109,09:56:34,0.6,50,94450
20240109,09:59:23,0.6,100,94750
20240109,09:59:57,0.65,100,94750
20240109,10:00:45,0.65,50,94700
20240109,10:01:00,0.6,200,94700
20240109,10:01:01,0.6,150,94700
20240109,10:01:02,0.6,200,94700
20240109,10:01:03,0.6,500,94700
20240109,10:01:09,0.65,250,94700
20240109,10:02:38,0.65,600,94700
20240109,10:02:54,0.65,50,94000
20240109,10:04:44,0.65,50,94000
20240109,10:04:52,0.65,500,94000
20240109,10:04:53,0.6,200,94000
20240109,10:05:00,0.6,450,94000
20240109,10:05:02,0.6,700,94000
20240109,10:05:47,0.65,550,94000
20240109,10:05:48,0.6,750,94000
20240109,10:05:50,0.6,450,94000
20240109,10:05:50,0.6,50,94000
20240109,10:06:01,0.65,800,94000
20240109,10:06:01,0.6,400,94000
20240109,10:06:12,0.65,250,94000
20240109,10:06:13,0.6,200,94000
20240109,10:06:42,0.65,300,94000
20240109,10:06:42,0.6,200,94000
20240109,10:06:56,0.65,1200,94000
20240109,10:06:59,0.65,100,94000
20240109,10:07:09,0.65,50,94000
20240109,10:07:51,0.65,50,94000
20240109,10:08:59,0.65,100,95200
20240109,10:09:19,0.7,1800,95200
20240109,10:11:32,0.7,150,95200
20240109,10:13:00,0.65,250,95000
20240109,10:15:13,0.7,50,95000
20240109,10:15:18,0.7,150,94750
20240109,10:15:54,0.7,100,94750
20240109,10:15:55,0.7,1800,94750
20240109,10:16:15,0.7,550,94750
20240109,10:16:18,0.7,100,94750
20240109,10:16:19,0.7,100,94750
20240109,10:16:56,0.7,50,94750
20240109,10:20:27,0.7,3100,93650
20240109,10:20:28,0.7,250,93650
20240109,10:20:53,0.7,350,93450
20240109,10:21:02,0.75,250,93450
20240109,10:21:04,0.65,450,93450
20240109,10:21:05,0.75,250,93450
20240109,10:21:12,0.7,900,93450
20240109,10:22:00,0.75,300,93450
20240109,10:22:02,0.75,300,93450
20240109,10:22:06,0.75,250,93450
20240109,10:22:08,0.75,300,93450
20240109,10:22:14,0.75,2600,93450
20240109,10:22:49,0.75,50,93450
20240109,10:22:55,0.8,1850,93450
20240109,10:23:18,0.8,1800,93450
20240109,10:25:00,0.7,5400,94450
20240109,10:25:21,0.75,350,94450
20240109,10:25:27,0.75,250,94450
20240109,10:25:28,0.75,1800,94450
20240109,10:25:31,0.75,300,94450
20240109,10:25:33,0.75,250,94450
20240109,10:25:38,0.75,350,94450
20240109,10:26:01,0.75,350,94450
20240109,10:26:15,0.75,300,94450
20240109,10:26:24,0.75,50,94450
20240109,10:26:40,0.75,50,94450
20240109,10:26:51,0.75,50,96400
20240109,10:28:50,0.75,50,96400
20240109,10:31:11,0.75,1500,96400
20240109,10:31:17,0.7,50,96400
20240109,10:32:58,0.7,50,96600
20240109,10:34:01,0.75,400,96600
20240109,10:34:36,0.75,50,96600
20240109,10:36:48,0.7,50,96900
20240109,10:40:15,0.75,50,96900
20240109,10:40:33,0.7,50,96850
20240109,10:41:01,0.7,3550,96850
20240109,10:42:30,0.75,50,95350
20240109,10:42:35,0.75,250,95350
20240109,10:42:45,0.65,100,95350
20240109,10:42:57,0.75,350,95350
20240109,10:43:01,0.75,250,95350
20240109,10:43:18,0.75,300,95350
20240109,10:43:23,0.75,250,95350
20240109,10:43:35,0.75,50,95350
20240109,10:43:40,0.75,250,95350
20240109,10:43:41,0.75,350,95350
20240109,10:44:00,0.75,250,95350
20240109,10:44:02,0.75,300,95350
20240109,10:44:03,0.75,1250,95350
20240109,10:44:04,0.75,2200,95350
20240109,10:44:06,0.75,50,95350
20240109,10:45:09,0.8,100,95350
20240109,10:45:10,0.8,1800,90650
20240109,10:45:45,0.75,1000,90650
20240109,10:46:12,0.8,250,90650
20240109,10:46:37,0.8,300,90650
20240109,10:46:39,0.8,100,90650
20240109,10:46:42,0.8,300,90650
20240109,10:47:04,0.8,350,90650
20240109,10:47:06,0.8,250,90650
20240109,10:47:07,0.8,3050,90650
20240109,10:47:09,0.8,3600,90650
20240109,10:48:04,0.8,1800,90650
20240109,10:48:09,0.85,50,95150
20240109,10:48:18,0.8,700,95150
20240109,10:49:07,0.8,250,95150
20240109,10:49:09,0.8,250,95150
20240109,10:49:19,0.8,50,95150
20240109,10:49:22,0.8,50,95150
20240109,10:49:24,0.8,50,95150
20240109,10:49:39,0.8,2250,95150
20240109,10:50:15,0.75,300,95150
20240109,10:50:35,0.75,4950,95150
20240109,10:51:12,0.75,50,100450
20240109,10:51:18,0.75,50,100450
20240109,10:51:21,0.75,300,100450
20240109,10:51:38,0.75,50,100450
20240109,10:51:50,0.75,50,100450
20240109,10:52:14,0.75,50,100450
20240109,10:53:28,0.75,50,100450
20240109,10:54:03,0.75,50,100450
20240109,10:54:17,0.7,50,100450
20240109,10:54:27,0.75,300,100450
20240109,10:54:51,0.75,50,100450
20240109,10:55:49,0.7,250,100450
20240109,10:56:38,0.75,50,100450
20240109,10:57:20,0.7,50,100700
20240109,10:57:39,0.7,750,100700
20240109,10:57:39,0.7,50,100700
20240109,10:57:41,0.7,300,100700
20240109,10:59:39,0.75,50,100700
20240109,10:59:45,0.75,350,100700
20240109,11:05:18,0.75,50,100650
20240109,11:05:30,0.75,50,100650
20240109,11:05:36,0.7,850,100650
20240109,11:05:52,0.65,500,100650
20240109,11:05:52,0.65,550,100650
20240109,11:05:53,0.65,200,100650
20240109,11:05:54,0.65,2800,100650
20240109,11:06:06,0.65,1450,100650
20240109,11:06:23,0.7,150,100650
20240109,11:06:26,0.6,1800,100650
20240109,11:06:38,0.6,50,100650
20240109,11:07:16,0.6,2150,100650
20240109,11:07:28,0.6,200,100650
20240109,11:07:30,0.7,3000,100650
20240109,11:08:15,0.7,50,100650
20240109,11:08:50,0.65,3300,99000
20240109,11:08:50,0.6,150,99000
20240109,11:09:30,0.6,1300,99000
20240109,11:09:35,0.65,700,99000
20240109,11:10:00,0.65,800,99000
20240109,11:10:06,0.6,1800,99000
20240109,11:10:09,0.6,3450,99000
20240109,11:12:48,0.7,50,96800
20240109,11:14:19,0.6,50,96800
20240109,11:14:28,0.65,50,96800
20240109,11:15:08,0.65,50,96800
20240109,11:15:20,0.65,50,96800
20240109,11:17:15,0.6,1000,96800
20240109,11:17:23,0.65,500,96800
20240109,11:17:41,0.7,300,96800
20240109,11:17:43,0.6,300,96800
20240109,11:17:45,0.7,550,96800
20240109,11:17:45,0.7,50,96800
20240109,11:17:46,0.6,550,96800
20240109,11:17:54,0.65,850,96800
20240109,11:18:21,0.7,250,96800
20240109,11:18:23,0.6,250,96800
20240109,11:18:29,0.65,250,96800
20240109,11:18:53,0.7,250,96800
20240109,11:18:56,0.6,250,96800
20240109,11:19:03,0.6,150,96800
20240109,11:19:08,0.7,300,96800
20240109,11:19:44,0.7,250,96800
20240109,11:19:52,0.6,50,96800
20240109,11:21:00,0.65,1400,96250
20240109,11:21:01,0.65,1300,96250
20240109,11:21:12,0.6,50,96250
20240109,11:22:03,0.7,100,96250
20240109,11:22:42,0.6,550,96250
20240109,11:26:39,0.6,50,95300
20240109,11:27:04,0.65,100,95300
20240109,11:28:08,0.65,50,95300
20240109,11:30:26,0.65,100,95250
20240109,11:31:22,0.65,50,95250
20240109,11:33:03,0.6,50,95400
20240109,11:40:29,0.65,100,95400
20240109,11:41:57,0.6,300,95450
20240109,11:46:00,0.65,250,95150
20240109,11:46:00,0.65,350,95150
20240109,11:46:07,0.65,300,95150
20240109,11:46:21,0.65,250,95150
20240109,11:46:22,0.65,400,95150
20240109,11:47:07,0.65,250,95150
20240109,11:47:12,0.65,300,95150
20240109,11:47:13,0.65,150,95150
20240109,11:48:03,0.65,150,97300
20240109,11:49:57,0.65,1800,97300
20240109,11:50:21,0.65,100,97300
20240109,11:51:37,0.65,1800,97300
20240109,11:53:02,0.65,1800,96900
20240109,11:53:24,0.65,1800,96900
20240109,11:53:33,0.65,1800,96900
20240109,11:53:41,0.65,1800,96900
20240109,11:53:43,0.65,400,96900
20240109,11:53:56,0.65,400,96900
20240109,11:54:15,0.65,250,88800
20240109,11:54:17,0.65,250,88800
20240109,11:55:36,0.6,50,88800
20240109,11:56:59,0.65,400,88800
20240109,11:59:16,0.6,1800,88800
20240109,12:02:39,0.6,1800,88800
20240109,12:02:47,0.6,1800,88800
20240109,12:05:55,0.6,1800,88800
20240109,12:06:07,0.6,300,88800
20240109,12:06:08,0.6,1500,88800
20240109,12:06:08,0.6,300,88800
20240109,12:06:10,0.6,300,88800
20240109,12:07:48,0.6,250,88800
20240109,12:08:05,0.6,350,88800
20240109,12:09:50,0.6,50,88800
20240109,12:12:40,0.6,800,88800
20240109,12:12:51,0.6,800,88800
20240109,12:12:53,0.6,800,88800
20240109,12:12:57,0.6,1550,88800
20240109,12:12:59,0.65,50,88800
20240109,12:13:02,0.6,400,88800
20240109,12:13:03,0.6,250,88800
20240109,12:13:05,0.6,300,88800
20240109,12:13:06,0.6,250,88800
20240109,12:14:02,0.6,250,88800
20240109,12:14:05,0.6,50,88800
20240109,12:14:49,0.6,1250,88800
20240109,12:15:00,0.6,800,88800
20240109,12:15:04,0.6,800,89150
20240109,12:16:09,0.65,150,89150
20240109,12:17:30,0.6,850,89150
20240109,12:18:23,0.6,50,89150
20240109,12:19:57,0.65,1600,89050
20240109,12:20:07,0.65,50,89050
20240109,12:22:17,0.6,100,89050
20240109,12:24:15,0.65,500,88950
20240109,12:24:19,0.65,500,88950
20240109,12:25:05,0.65,550,88950
20240109,12:25:11,0.65,550,88950
20240109,12:26:36,0.6,250,88950
20240109,12:27:53,0.6,350,90800
20240109,12:27:53,0.65,250,90800
20240109,12:28:08,0.65,300,90800
20240109,12:28:09,0.65,600,90800
20240109,12:28:21,0.65,350,90800
20240109,12:29:38,0.7,300,90800
20240109,12:29:41,0.6,550,90800
20240109,12:29:46,0.65,550,90800
20240109,12:32:49,0.6,50,91650
20240109,12:34:02,0.65,50,91650
20240109,12:34:12,0.65,50,91650
20240109,12:35:25,0.65,500,91650
20240109,12:37:02,0.65,50,91650
20240109,12:38:18,0.65,50,91650
20240109,12:38:28,0.65,50,91650
20240109,12:38:36,0.65,300,91650
20240109,12:38:38,0.65,350,91650
20240109,12:38:41,0.65,250,91650
20240109,12:38:42,0.65,300,91650
20240109,12:38:48,0.65,250,91650
20240109,12:39:02,0.6,500,91650
20240109,12:39:03,0.6,500,92050
20240109,12:39:05,0.6,500,92050
20240109,12:39:09,0.6,500,92050
20240109,12:39:12,0.6,500,92050
20240109,12:39:14,0.65,100,92050
20240109,12:39:16,0.6,100,92050
20240109,12:39:54,0.65,50,92050
20240109,12:41:04,0.6,50,92050
20240109,12:41:08,0.65,50,92050
20240109,12:41:49,0.6,250,92050
20240109,12:42:03,0.65,50,92000
20240109,12:42:17,0.6,250,92000
20240109,12:42:56,0.6,50,92000
20240109,12:43:20,0.6,250,92000
20240109,12:43:48,0.6,500,92000
20240109,12:43:59,0.6,400,92000
20240109,12:44:32,0.6,300,92000
20240109,12:44:43,0.6,350,92000
20240109,12:45:48,0.6,50,92000
20240109,12:45:51,0.65,150,89800
20240109,12:47:17,0.6,50,89800
20240109,12:47:23,0.6,400,89800
20240109,12:47:23,0.6,1800,89800
20240109,12:49:03,0.6,500,89800
20240109,12:51:40,0.65,100,87400
20240109,12:52:35,0.55,6700,87400
20240109,12:53:29,0.6,3550,87400
20240109,12:53:30,0.6,2000,87400
20240109,12:56:14,0.6,3700,87400
20240109,12:56:17,0.6,50,81900
20240109,12:56:20,0.6,50,81900
20240109,12:58:33,0.65,1500,82800
20240109,13:00:04,0.65,50,82800
20240109,13:01:21,0.65,50,83400
20240109,13:04:04,0.65,450,83400
20240109,13:06:17,0.65,250,83400
20240109,13:06:28,0.65,500,83400
20240109,13:06:28,0.6,500,83400
20240109,13:06:29,0.6,1000,83400
20240109,13:07:21,0.6,600,83400
20240109,13:07:52,0.65,800,83400
20240109,13:07:52,0.6,550,83400
20240109,13:07:53,0.6,350,83400
20240109,13:07:54,0.6,50,83400
20240109,13:08:36,0.65,250,83400
20240109,13:08:36,0.6,250,83400
20240109,13:09:02,0.65,300,83400
20240109,13:09:02,0.6,300,81550
20240109,13:11:08,0.65,50,81550
20240109,13:11:57,0.6,500,81550
20240109,13:14:13,0.6,50,81550
20240109,13:16:23,0.6,300,81650
20240109,13:16:55,0.6,50,81650
20240109,13:17:01,0.6,200,81650
20240109,13:17:01,0.6,50,81650
20240109,13:23:01,0.6,1150,81650
20240109,13:23:02,0.65,1800,81100
20240109,13:23:03,0.6,50,81100
20240109,13:23:04,0.6,50,81100
20240109,13:23:32,0.6,50,81100
20240109,13:23:33,0.6,300,81100
20240109,13:23:36,0.6,300,81100
20240109,13:23:43,0.6,300,81100
20240109,13:24:35,0.55,50,80300
20240109,13:26:20,0.55,50,80300
20240109,13:27:01,0.55,50,80300
20240109,13:31:50,0.55,100,80300
20240109,13:32:42,0.6,100,80300
20240109,13:32:44,0.55,100,80300
20240109,13:33:38,0.6,900,80300
20240109,13:34:32,0.6,900,80350
20240109,13:38:45,0.6,800,81400
20240109,13:38:46,0.6,800,81400
20240109,13:38:47,0.6,800,81400
20240109,13:43:57,0.55,50,81400
20240109,13:44:05,0.55,50,82250
20240109,13:44:34,0.55,50,82250
20240109,13:44:41,0.55,50,82250
20240109,13:45:01,0.55,250,82250
20240109,13:46:48,0.55,250,82250
20240109,13:48:04,0.55,50,82250
20240109,13:48:50,0.6,50,82250
20240109,13:48:57,0.6,50,82250
20240109,13:49:05,0.55,50,82250
20240109,13:49:06,0.6,50,82250
20240109,13:49:12,0.6,50,82250
20240109,13:49:13,0.55,100,82250
20240109,13:49:18,0.6,50,82250
20240109,13:49:20,0.6,50,82250
20240109,13:49:32,0.6,50,82250
20240109,13:50:08,0.55,500,82250
20240109,13:50:38,0.55,350,82250
20240109,13:51:07,0.55,50,82750
20240109,13:51:28,0.55,250,82750
20240109,13:51:32,0.6,50,82750
20240109,13:51:39,0.6,50,82750
20240109,13:52:07,0.55,150,82750
20240109,13:52:53,0.55,450,82750
20240109,13:54:17,0.55,150,82800
20240109,13:55:40,0.55,250,82800
20240109,13:56:22,0.6,1850,82800
20240109,13:56:37,0.55,300,82800
20240109,13:56:45,0.55,300,82800
20240109,13:58:13,0.55,300,82800
20240109,13:58:20,0.55,250,83400
20240109,13:58:23,0.55,1300,83400
20240109,13:58:23,0.55,600,83400
20240109,13:58:39,0.55,1500,83400
20240109,13:59:51,0.55,50,83400
20240109,14:01:04,0.55,250,82200
20240109,14:01:45,0.55,50,82200
20240109,14:01:48,0.55,50,82200
20240109,14:07:11,0.55,100,82200
20240109,14:08:16,0.5,7500,82200
20240109,14:08:17,0.5,50,82200
20240109,14:08:47,0.5,900,82200
20240109,14:08:48,0.5,900,82200
20240109,14:08:51,0.5,450,82200
20240109,14:08:54,0.55,450,82200
20240109,14:09:00,0.55,250,82200
20240109,14:09:07,0.55,250,82850
20240109,14:09:10,0.55,450,82850
20240109,14:09:11,0.55,300,82850
20240109,14:09:20,0.55,450,82850
20240109,14:09:21,0.55,250,82850
20240109,14:09:52,0.5,300,82850
20240109,14:10:01,0.5,750,82850
20240109,14:10:51,0.55,50,82850
20240109,14:11:06,0.55,50,82850
20240109,14:11:26,0.5,50,82850
20240109,14:11:45,0.5,250,82850
20240109,14:11:48,0.5,250,82850
20240109,14:12:00,0.55,450,82850
20240109,14:12:03,0.55,250,82850
20240109,14:12:04,0.55,450,82850
20240109,14:12:06,0.55,450,83800
20240109,14:12:15,0.55,7200,83800
20240109,14:12:17,0.55,3300,83800
20240109,14:12:19,0.55,250,83800
20240109,14:12:20,0.55,400,83800
20240109,14:12:21,0.55,300,83800
20240109,14:12:22,0.55,600,83800
20240109,14:12:25,0.55,250,83800
20240109,14:12:27,0.55,50,83800
20240109,14:12:40,0.55,500,83800
20240109,14:12:41,0.55,50,83800
20240109,14:12:42,0.55,50,83800
20240109,14:12:43,0.55,50,83800
20240109,14:12:44,0.55,50,83800
20240109,14:12:46,0.55,50,83800
20240109,14:12:47,0.55,50,83800
20240109,14:12:48,0.55,50,83800
20240109,14:12:52,0.55,50,83800
20240109,14:13:01,0.55,50,83800
20240109,14:13:46,0.55,2050,83800
20240109,14:13:47,0.55,250,83800
20240109,14:13:48,0.55,1300,83800
20240109,14:13:54,0.55,900,83800
20240109,14:13:55,0.55,400,83800
20240109,14:14:13,0.5,150,83800
20240109,14:14:16,0.5,50,83800
20240109,14:14:17,0.5,1800,83800
20240109,14:15:00,0.5,1800,83800
20240109,14:15:26,0.5,1800,83800
20240109,14:16:36,0.5,1800,87400
20240109,14:16:41,0.55,50,87400
20240109,14:16:49,0.5,900,87400
20240109,14:16:55,0.5,50,87400
20240109,14:17:03,0.55,50,87400
20240109,14:17:06,0.5,50,87400
20240109,14:17:17,0.55,50,87400
20240109,14:17:30,0.5,50,87400
20240109,14:17:34,0.55,50,87400
20240109,14:17:38,0.5,50,87400
20240109,14:17:40,0.55,50,87400
20240109,14:17:45,0.5,50,87400
20240109,14:17:49,0.55,50,87400
20240109,14:17:54,0.5,50,87400
20240109,14:17:57,0.55,50,87400
20240109,14:18:05,0.5,50,87400
20240109,14:18:10,0.55,50,91000
20240109,14:18:18,0.5,50,91000
20240109,14:18:34,0.55,50,91000
20240109,14:18:35,0.5,500,91000
20240109,14:18:40,0.5,50,91000
20240109,14:19:17,0.5,300,91000
20240109,14:19:27,0.55,50,91000
20240109,14:19:33,0.5,50,91000
20240109,14:19:40,0.5,1100,91000
20240109,14:19:42,0.55,2150,91000
20240109,14:19:43,0.55,50,91000
20240109,14:19:53,0.5,250,91000
20240109,14:20:11,0.5,250,91000
20240109,14:20:17,0.5,250,91000
20240109,14:21:37,0.5,800,91000
20240109,14:21:42,0.5,1750,91000
20240109,14:21:54,0.5,1100,91000
20240109,14:21:57,0.5,100,91000
20240109,14:22:14,0.5,100,91000
20240109,14:22:18,0.5,100,91000
20240109,14:22:42,0.5,50,91000
20240109,14:22:58,0.55,250,91000
20240109,14:23:07,0.45,2800,91000
20240109,14:23:43,0.45,1800,91000
20240109,14:23:44,0.45,500,91000
20240109,14:25:10,0.45,1800,91000
20240109,14:25:45,0.5,200,91000
20240109,14:26:22,0.45,1800,91000
20240109,14:27:15,0.5,250,107800
20240109,14:27:19,0.5,100,107800
20240109,14:27:24,0.5,50,107800
20240109,14:29:22,0.5,400,107800
20240109,14:30:52,0.45,1800,107800
20240109,14:31:10,0.45,100,107800
20240109,14:31:50,0.45,1800,107800
20240109,14:32:19,0.45,1800,107800
20240109,14:32:34,0.45,1800,107800
20240109,14:33:07,0.45,1800,107800
20240109,14:34:09,0.45,150,107800
20240109,14:36:23,0.45,500,116800
20240109,14:37:12,0.45,50,116800
20240109,14:39:14,0.45,50,116800
20240109,14:40:17,0.45,50,116800
20240109,14:41:29,0.5,350,116800
20240109,14:41:34,0.5,250,116800
20240109,14:42:27,0.45,200,116200
20240109,14:42:29,0.5,1500,116200
20240109,14:42:57,0.5,250,116200
20240109,14:42:58,0.5,250,116200
20240109,14:42:59,0.5,300,116200
20240109,14:43:04,0.5,250,116200
20240109,14:43:05,0.5,250,116200
20240109,14:43:22,0.5,50,116200
20240109,14:45:13,0.45,900,116200
20240109,14:45:23,0.45,1500,117000
20240109,14:45:25,0.45,250,117000
20240109,14:45:25,0.45,100,117000
20240109,14:45:27,0.45,250,117000
20240109,14:45:28,0.45,300,117000
20240109,14:45:29,0.45,250,117000
20240109,14:45:30,0.45,350,117000
20240109,14:45:35,0.45,100,117000
20240109,14:45:36,0.45,300,117000
20240109,14:45:37,0.45,100,117000
20240109,14:45:50,0.45,100,117000
20240109,14:45:59,0.5,100,117000
20240109,14:46:13,0.45,50,117000
20240109,14:47:03,0.45,1100,117000
20240109,14:47:06,0.45,1200,117000
20240109,14:47:15,0.45,100,117000
20240109,14:47:49,0.5,300,117000
20240109,14:47:54,0.45,250,117000
20240109,14:49:13,0.45,150,117000
20240109,14:50:01,0.5,50,115500
20240109,14:51:07,0.5,1500,115500
20240109,14:52:29,0.5,300,115500
20240109,14:53:13,0.45,50,115500
20240109,14:53:32,0.5,250,115500
20240109,14:53:33,0.5,250,115500
20240109,14:53:48,0.5,400,115500
20240109,14:55:00,0.5,250,116200
20240109,14:55:01,0.45,500,116200
20240109,14:55:03,0.5,250,116200
20240109,14:56:35,0.45,50,116200
20240109,14:56:55,0.5,250,116200
20240109,14:56:56,0.5,250,116200
20240109,14:56:58,0.5,250,116200
20240109,14:57:05,0.5,250,116200
20240109,14:57:35,0.5,300,116400
20240109,14:57:39,0.5,250,116400
20240109,14:57:40,0.5,250,116400
20240109,14:58:48,0.5,250,116400
20240109,14:59:50,0.45,1500,116400
20240109,15:00:05,0.5,50,116400
20240109,15:00:08,0.5,250,116400
20240109,15:00:15,0.45,250,116400
20240109,15:00:17,0.45,250,114900
20240109,15:00:34,0.5,250,114900
20240109,15:00:34,0.5,500,114900
20240109,15:00:35,0.5,500,114900
20240109,15:00:36,0.5,250,114900
20240109,15:00:37,0.5,250,114900
20240109,15:01:02,0.5,500,114900
20240109,15:01:28,0.5,27300,114900
20240109,15:01:28,0.5,50,114900
20240109,15:01:29,0.5,50,114900
20240109,15:01:30,0.55,250,114900
20240109,15:01:31,0.5,100,114900
20240109,15:01:33,0.5,50,114900
20240109,15:01:34,0.5,50,114900
20240109,15:01:36,0.5,50,114900
20240109,15:01:38,0.5,50,114900
20240109,15:01:39,0.5,50,114900
20240109,15:01:40,0.5,400,114900
20240109,15:01:43,0.5,250,114900
20240109,15:02:01,0.5,50,114900
20240109,15:02:02,0.5,50,114900
20240109,15:02:20,0.5,100,114900
20240109,15:02:23,0.55,700,114900
20240109,15:02:49,0.5,300,114900
20240109,15:02:52,0.5,250,114900
20240109,15:03:05,0.5,100,114900
20240109,15:04:30,0.5,50,92200
20240109,15:04:33,0.55,50,92200
20240109,15:05:07,0.5,250,92200
20240109,15:05:15,0.55,800,92200
20240109,15:05:16,0.5,750,92200
20240109,15:05:17,0.55,550,92200
20240109,15:05:18,0.55,250,92200
20240109,15:06:53,0.5,100,91600
20240109,15:07:21,0.5,50,91600
20240109,15:07:22,0.5,50,91600
20240109,15:09:01,0.5,50,91600
20240109,15:09:58,0.5,50,91350
20240109,15:10:59,0.5,250,91350
20240109,15:11:02,0.5,250,91350
20240109,15:11:03,0.5,750,91350
20240109,15:11:05,0.5,250,91350
20240109,15:11:06,0.5,250,91350
20240109,15:11:08,0.5,250,91350
20240109,15:11:09,0.5,250,91350
20240109,15:11:10,0.5,250,91350
20240109,15:11:16,0.5,300,91350
20240109,15:11:16,0.5,250,91350
20240109,15:11:58,0.5,50,91350
20240109,15:12:17,0.55,550,88300
20240109,15:14:52,0.5,250,88300
20240109,15:14:53,0.45,250,88300
20240109,15:14:58,0.5,250,88300
20240109,15:14:59,0.5,500,88300
20240109,15:15:00,0.45,750,88300
20240109,15:15:01,0.45,750,88300
20240109,15:15:02,0.45,300,88300
20240109,15:15:03,0.45,250,88300
20240109,15:15:04,0.45,250,88300
20240109,15:15:05,0.45,250,88300
20240109,15:15:06,0.5,300,88300
20240109,15:15:07,0.5,500,88300
20240109,15:15:08,0.5,250,88300
20240109,15:15:09,0.5,250,88300
20240109,15:19:20,0.45,50,86100
20240109,15:20:05,0.5,50,86100
20240109,15:21:06,0.45,200,86100
20240109,15:21:39,0.45,1800,86100
20240109,15:21:53,0.45,1200,85900
20240109,15:21:54,0.45,200,85900
20240109,15:22:25,0.45,50,85900
20240109,15:22:26,0.45,200,85900
20240109,15:22:29,0.45,150,85900
20240109,15:22:34,0.45,7000,85900
20240109,15:22:42,0.45,1100,85900
20240109,15:22:57,0.45,4350,85900
20240109,15:22:59,0.45,250,85900
20240109,15:23:22,0.45,250,85900
20240109,15:23:54,0.45,250,85900
20240109,15:24:39,0.4,100,85400
20240109,15:24:39,0.4,350,85400
20240109,15:24:40,0.4,50,85400
20240109,15:24:59,0.4,50,85400
20240109,15:25:11,0.4,100,85400
20240109,15:25:14,0.4,100,85400
20240109,15:25:16,0.4,100,85400
20240109,15:25:17,0.4,1050,85400
20240109,15:25:49,0.4,50,85400
20240109,15:26:01,0.4,500,85400
20240109,15:26:32,0.45,50,85400
20240109,15:26:55,0.4,500,85400
20240109,15:27:28,0.4,1800,85350
20240109,15:27:50,0.4,50,85350
20240109,15:27:52,0.4,1800,85350
20240109,15:27:56,0.4,500,85350
20240109,15:28:06,0.45,2250,85350
20240109,15:28:07,0.4,100,85350
20240109,15:28:12,0.4,400,85350
20240109,15:28:33,0.4,3600,85350
20240109,15:28:34,0.4,950,85350
20240109,15:29:00,0.4,50,85350
20240109,15:29:01,0.4,200,85350
20240109,15:29:13,0.4,500,85350
20240109,15:29:21,0.4,1800,85350
20240109,15:29:32,0.4,500,85350
20240109,15:29:37,0.4,5750,85350
20240109,15:29:43,0.4,1800,85350
20240109,15:29:46,0.4,150,85350
20240110,09:15:03,0.5,1,94650
20240110,09:15:03,0.45,1,94650
20240110,09:15:03,0.5,2050,94650
20240110,09:15:04,0.4,250,94650
20240110,09:15:05,0.4,50,94650
20240110,09:15:06,0.5,250,94650
20240110,09:15:07,0.5,100,94650
20240110,09:15:09,0.5,550,94650
20240110,09:15:33,0.45,200,94650
20240110,09:15:48,0.45,200,94650
20240110,09:15:49,0.5,50,94650
20240110,09:15:56,0.45,500,94650
20240110,09:16:04,0.45,100,94650
20240110,09:16:23,0.4,500,94650
20240110,09:16:25,0.45,550,94650
20240110,09:16:29,0.4,50,94650
20240110,09:17:09,0.45,250,94650
20240110,09:17:15,0.45,400,94650
20240110,09:17:25,0.45,300,94650
20240110,09:17:26,0.45,50,94650
20240110,09:17:27,0.45,300,94650
20240110,09:18:06,0.4,250,93550
20240110,09:18:38,0.45,250,93550
20240110,09:18:41,0.45,300,93550
20240110,09:18:47,0.45,350,93550
20240110,09:19:01,0.45,100,93550
20240110,09:20:00,0.4,50,93550
20240110,09:20:54,0.4,2050,92550
20240110,09:22:25,0.45,150,92550
20240110,09:22:28,0.45,50,92550
20240110,09:22:29,0.45,50,92550
20240110,09:22:31,0.45,100,92550
20240110,09:22:36,0.45,50,92550
20240110,09:22:42,0.45,50,92550
