date,time,tick_price,volume,open_interest
20231229,09:15:45,21.85,150,9500
20231229,09:15:49,21.85,50,9500
20231229,09:15:54,22.0,50,9500
20231229,09:16:13,22.0,1200,9500
20231229,09:16:13,21.1,1200,9500
20231229,09:16:39,20.5,1450,9500
20231229,09:16:45,19.95,450,9500
20231229,09:16:51,19.95,2250,9500
20231229,09:16:56,20.65,3700,9500
20231229,09:17:01,20.6,1800,9500
20231229,09:17:06,20.6,450,9500
20231229,09:17:11,20.35,200,9500
20231229,09:17:16,20.2,750,9500
20231229,09:17:21,20.15,700,9500
20231229,09:17:26,20.25,100,9500
20231229,09:17:46,20.15,200,9500
20231229,09:17:51,19.9,300,9500
20231229,09:17:58,19.8,150,9500
20231229,09:18:06,19.8,200,9500
20231229,09:18:22,19.65,250,9500
20231229,09:18:29,19.6,200,9500
20231229,09:18:37,19.55,200,9500
20231229,09:18:44,19.55,50,9500
20231229,09:18:51,19.5,400,9500
20231229,09:19:05,19.35,100,9500
20231229,09:19:26,19.35,200,9500
20231229,09:20:00,19.3,100,9500
20231229,09:20:07,19.2,500,9500
20231229,09:20:35,19.75,300,12550
20231229,09:20:42,19.8,50,12550
20231229,09:20:49,19.85,100,12550
20231229,09:20:56,19.8,50,12550
20231229,09:21:03,19.7,50,12550
20231229,09:21:10,19.8,200,12550
20231229,09:21:17,19.85,250,12550
20231229,09:21:30,19.9,150,12550
20231229,09:21:37,19.8,350,12550
20231229,09:21:51,19.2,50,12550
20231229,09:22:07,19.15,300,12550
20231229,09:22:25,19.0,250,12550
20231229,09:22:32,18.9,250,12550
20231229,09:22:45,19.05,50,12550
20231229,09:22:52,19.15,150,12550
20231229,09:22:59,19.05,800,12550
20231229,09:23:06,19.0,50,12550
20231229,09:23:27,19.05,250,13350
20231229,09:23:34,19.1,50,13350
20231229,09:23:41,19.0,200,13350
20231229,09:23:48,19.0,150,13350
20231229,09:24:02,19.3,50,13350
20231229,09:24:10,19.35,50,13350
20231229,09:24:18,19.3,450,13350
20231229,09:24:25,19.35,250,13350
20231229,09:24:32,19.25,100,13350
20231229,09:24:39,19.25,100,13350
20231229,09:24:46,19.15,100,13350
20231229,09:24:53,19.15,150,13350
20231229,09:25:08,19.15,50,13350
20231229,09:25:15,19.25,100,13350
20231229,09:25:44,19.5,50,13350
20231229,09:25:51,19.4,50,13350
20231229,09:26:05,19.45,50,13350
20231229,09:26:19,19.5,50,13550
20231229,09:26:56,19.65,50,13550
20231229,09:27:04,19.7,50,13550
20231229,09:27:12,19.7,50,13550
20231229,09:27:19,19.85,700,13550
20231229,09:27:34,20.0,450,13550
20231229,09:27:42,20.05,100,13550
20231229,09:27:50,20.05,300,13550
20231229,09:27:57,20.0,50,13550
20231229,09:28:04,20.15,200,13550
20231229,09:28:12,20.2,50,13550
20231229,09:28:20,20.25,450,13550
20231229,09:28:28,20.1,100,13550
20231229,09:28:42,20.1,50,13550
20231229,09:29:11,20.35,1250,15150
20231229,09:29:18,20.4,50,15150
20231229,09:29:33,20.4,50,15150
20231229,09:30:39,20.4,1250,15150
20231229,09:30:54,20.4,300,15150
20231229,09:31:54,19.85,1800,15150
20231229,09:32:02,20.0,100,15150
20231229,09:32:38,19.85,300,18300
20231229,09:32:53,19.9,100,18300
20231229,09:33:08,19.9,150,18300
20231229,09:33:17,20.0,300,18300
20231229,09:33:40,19.7,100,18300
20231229,09:37:32,20.15,50,17750
20231229,09:37:54,20.25,50,17750
20231229,09:38:09,20.05,50,17750
20231229,09:38:39,19.9,50,17750
20231229,09:38:46,19.95,200,17750
20231229,09:38:54,19.95,50,17750
20231229,09:39:01,19.85,350,17750
20231229,09:39:08,19.8,150,17750
20231229,09:39:23,19.85,100,17750
20231229,09:39:30,19.85,100,17750
20231229,09:39:37,19.8,150,17750
20231229,09:40:07,19.9,100,17750
20231229,09:40:23,19.45,50,17750
20231229,09:41:29,19.65,50,18650
20231229,09:41:59,19.6,450,18650
20231229,09:42:07,19.65,350,18650
20231229,09:42:15,19.65,50,18650
20231229,09:42:53,19.95,100,18650
20231229,09:43:00,20.2,200,18650
20231229,09:43:08,20.1,50,18650
20231229,09:44:50,19.95,50,17750
20231229,09:46:21,19.75,50,17750
20231229,09:48:39,19.9,450,17100
20231229,09:48:45,20.1,150,17100
20231229,09:49:00,20.0,50,17100
20231229,09:49:43,20.1,50,17100
20231229,09:50:04,20.05,50,17100
20231229,09:50:32,19.95,1950,16650
20231229,09:50:39,19.95,300,16650
20231229,09:50:47,19.8,4250,16650
20231229,09:51:14,19.85,200,16650
20231229,09:51:28,19.8,600,16650
20231229,09:53:08,19.8,200,16650
20231229,09:53:23,19.7,50,20550
20231229,09:54:29,19.7,50,20550
20231229,09:54:45,19.85,250,20550
20231229,09:54:53,19.85,50,20550
20231229,09:55:15,19.65,100,20550
20231229,09:55:36,19.75,50,20550
20231229,09:55:51,19.55,100,20550
20231229,09:55:58,19.5,150,20550
20231229,09:56:50,19.6,50,21300
20231229,09:58:21,19.25,150,21300
20231229,09:58:29,19.4,50,21300
20231229,09:59:15,19.2,100,21500
20231229,09:59:37,19.15,200,21500
20231229,09:59:45,19.0,300,21500
20231229,09:59:53,18.95,100,21500
20231229,10:00:01,18.9,50,21500
20231229,10:00:09,18.9,100,21500
20231229,10:00:17,19.05,250,21500
20231229,10:00:44,19.05,200,21500
20231229,10:00:59,18.95,50,21500
20231229,10:01:06,18.85,100,21500
20231229,10:01:13,18.8,50,21500
20231229,10:01:21,18.8,50,21500
20231229,10:02:05,18.95,200,21500
20231229,10:02:12,18.95,50,21500
20231229,10:02:19,19.05,200,21850
20231229,10:03:25,19.05,50,21850
20231229,10:03:32,19.1,200,21850
20231229,10:03:39,19.2,50,21850
20231229,10:04:09,19.4,100,21850
20231229,10:04:38,19.4,50,21850
20231229,10:05:48,19.1,50,22050
20231229,10:06:16,19.3,100,22050
20231229,10:06:24,19.4,50,22050
20231229,10:07:22,19.1,50,22050
20231229,10:07:37,19.0,50,22050
20231229,10:07:46,18.65,50,22050
20231229,10:08:13,18.55,50,22050
20231229,10:08:49,18.25,200,22150
20231229,10:09:05,18.05,50,22150
20231229,10:09:29,18.0,50,22150
20231229,10:10:15,17.55,50,22150
20231229,10:10:24,17.5,300,22150
20231229,10:11:05,17.55,150,22150
20231229,10:11:13,17.25,100,22150
20231229,10:11:22,17.25,50,22150
20231229,10:11:30,17.25,100,21600
20231229,10:11:38,17.55,50,21600
20231229,10:12:23,17.2,50,21600
20231229,10:12:40,17.2,250,21600
20231229,10:12:47,17.4,250,21600
20231229,10:13:40,17.05,200,21600
20231229,10:15:02,16.75,50,21050
20231229,10:15:12,16.6,1250,21050
20231229,10:16:25,16.6,50,21050
20231229,10:16:41,16.95,250,21050
20231229,10:17:04,16.95,50,21050
20231229,10:17:35,17.0,300,22100
20231229,10:17:59,17.1,150,22100
20231229,10:18:14,17.1,50,22100
20231229,10:18:22,17.05,50,22100
20231229,10:20:06,17.15,150,22100
20231229,10:20:22,17.2,150,21700
20231229,10:21:09,17.05,650,21700
20231229,10:21:17,17.05,1350,21700
20231229,10:21:24,17.05,250,21700
20231229,10:22:03,17.05,50,21700
20231229,10:22:11,17.15,200,21700
20231229,10:22:19,17.2,100,21700
20231229,10:22:27,17.15,50,21700
20231229,10:23:48,17.0,150,20450
20231229,10:23:55,17.1,300,20450
20231229,10:24:02,17.1,150,20450
20231229,10:24:35,17.15,100,20450
20231229,10:25:07,17.55,100,20450
20231229,10:25:59,17.5,50,20450
20231229,10:27:20,17.5,50,20950
20231229,10:28:32,17.4,50,20950
20231229,10:29:16,17.3,50,20950
20231229,10:30:26,17.3,50,20950
20231229,10:30:34,17.3,1100,20950
20231229,10:31:13,17.25,50,20950
20231229,10:32:37,17.35,50,19750
20231229,10:33:08,17.25,50,19750
20231229,10:34:09,17.25,50,19750
20231229,10:34:16,17.25,50,19750
20231229,10:34:24,17.3,100,19750
20231229,10:34:38,17.35,200,19750
20231229,10:34:52,17.35,50,19750
20231229,10:34:59,17.35,100,19750
20231229,10:35:13,17.4,100,19750
20231229,10:35:43,17.35,50,19500
20231229,10:35:57,17.35,100,19500
20231229,10:37:02,17.65,50,19500
20231229,10:38:45,17.5,50,19550
20231229,10:40:11,17.6,50,19550
20231229,10:40:26,17.5,50,19550
20231229,10:40:47,17.45,50,19550
20231229,10:40:54,17.45,50,19550
20231229,10:41:23,17.3,50,19600
20231229,10:41:31,17.3,50,19600
20231229,10:41:47,17.4,50,19600
20231229,10:42:01,17.45,50,19600
20231229,10:42:09,17.45,50,19600
20231229,10:42:25,17.4,100,19600
20231229,10:42:40,17.5,200,19600
20231229,10:42:47,17.5,100,19600
20231229,10:42:55,17.6,50,19600
20231229,10:43:03,17.55,50,19600
20231229,10:43:18,17.55,100,19600
20231229,10:43:40,17.5,100,19600
20231229,10:44:17,17.55,50,19600
20231229,10:44:25,17.6,100,19100
20231229,10:44:32,17.6,50,19100
20231229,10:44:40,17.5,400,19100
20231229,10:45:33,17.55,50,19100
20231229,10:45:41,17.6,100,19100
20231229,10:45:56,17.65,100,19100
20231229,10:46:20,17.65,50,19100
20231229,10:46:45,18.0,300,19100
20231229,10:47:03,17.9,100,19100
20231229,10:47:12,17.9,50,19100
20231229,10:47:20,17.85,100,19100
20231229,10:47:29,17.9,150,18900
20231229,10:47:37,18.05,150,18900
20231229,10:48:09,17.95,150,18900
20231229,10:50:50,17.5,100,18500
20231229,10:54:36,17.15,100,18500
20231229,10:54:45,17.1,650,18500
20231229,10:54:53,17.3,200,18500
20231229,10:55:02,17.25,250,18500
20231229,10:55:10,17.2,250,18500
20231229,10:55:19,17.2,50,18500
20231229,10:55:27,17.25,250,18500
20231229,10:56:48,17.3,50,17250
20231229,10:59:18,17.1,50,17250
20231229,11:00:54,17.1,50,16950
20231229,11:02:32,17.0,250,16950
20231229,11:03:03,17.1,100,16950
20231229,11:08:23,17.15,50,17000
20231229,11:10:28,17.1,50,16950
20231229,11:10:36,17.05,400,16950
20231229,11:10:44,17.1,150,16950
20231229,11:11:52,17.15,50,16650
20231229,11:12:15,17.1,50,16650
20231229,11:13:01,17.05,100,16650
20231229,11:14:23,17.1,50,16650
20231229,11:17:29,17.5,50,16200
20231229,11:18:20,17.3,50,16200
20231229,11:19:01,17.35,50,16200
20231229,11:19:09,17.4,150,16200
20231229,11:19:17,17.4,50,16200
20231229,11:19:25,17.5,50,16200
20231229,11:20:15,17.65,350,16200
20231229,11:20:39,17.55,500,16000
20231229,11:20:47,17.55,250,16000
20231229,11:22:01,17.45,50,16000
20231229,11:23:26,17.35,50,16000
20231229,11:23:49,17.3,250,16250
20231229,11:25:10,17.75,50,16250
20231229,11:26:07,17.65,50,16250
20231229,11:27:55,17.6,150,16300
20231229,11:28:18,17.55,50,16300
20231229,11:28:40,17.75,50,16300
20231229,11:29:15,17.45,50,16300
20231229,11:29:54,17.35,50,16400
20231229,11:30:26,17.7,50,16400
20231229,11:31:04,17.6,100,16400
20231229,11:33:52,17.6,150,16400
20231229,11:34:00,17.55,150,16400
20231229,11:34:23,17.7,150,16400
20231229,11:34:31,17.8,150,16400
20231229,11:35:25,18.1,50,16400
20231229,11:36:31,18.15,50,16900
20231229,11:38:40,18.35,50,16850
20231229,11:39:19,18.4,50,16850
20231229,11:40:17,18.15,150,16850
20231229,11:45:50,17.7,50,16650
20231229,11:46:22,17.65,50,16650
20231229,11:46:30,17.65,100,16650
20231229,11:46:37,17.65,200,16650
20231229,11:46:53,17.55,100,16650
20231229,11:53:38,17.35,50,16550
20231229,11:55:30,17.55,150,16550
20231229,11:58:07,17.75,50,16150
20231229,12:01:33,17.4,250,16150
20231229,12:01:40,17.45,150,16150
20231229,12:01:48,17.35,300,16150
20231229,12:01:56,17.4,50,16150
20231229,12:02:04,17.35,250,16150
20231229,12:06:09,17.45,100,15550
20231229,12:06:55,17.45,50,15550
20231229,12:08:11,17.55,100,15550
20231229,12:10:17,17.7,150,15700
20231229,12:11:45,17.6,150,15850
20231229,12:13:55,17.65,200,15850
20231229,12:14:03,17.65,50,15850
20231229,12:16:24,17.55,50,15600
20231229,12:16:55,17.6,50,15600
20231229,12:17:47,17.6,50,15600
20231229,12:22:14,17.75,50,15650
20231229,12:26:39,17.9,1300,15550
20231229,12:27:02,17.85,250,16250
20231229,12:28:33,17.65,100,16250
20231229,12:28:56,17.65,250,16250
20231229,12:29:40,17.6,300,15650
20231229,12:30:15,17.3,300,15650
20231229,12:31:07,17.1,50,15650
20231229,12:31:16,17.15,150,15650
20231229,12:31:33,17.2,50,15650
20231229,12:32:30,17.35,50,15650
20231229,12:33:26,17.3,50,15600
20231229,12:34:13,17.25,100,15600
20231229,12:34:21,17.25,50,15600
20231229,12:39:12,17.1,50,15500
20231229,12:41:08,16.8,100,15500
20231229,12:41:32,16.7,200,15500
20231229,12:41:55,16.65,50,15500
20231229,12:42:20,16.6,50,15500
20231229,12:42:29,16.65,50,15500
20231229,12:42:37,16.9,50,15500
20231229,12:43:16,16.9,950,15500
20231229,12:44:14,16.75,200,15500
20231229,12:44:22,16.75,100,15500
20231229,12:44:55,16.75,50,15200
20231229,12:45:03,16.85,250,15200
20231229,12:45:27,16.8,250,15200
20231229,12:45:36,16.65,50,15200
20231229,12:45:44,16.65,700,15200
20231229,12:47:25,16.4,50,15200
20231229,12:47:42,16.35,550,14700
20231229,12:47:57,16.25,100,14700
20231229,12:48:28,16.2,50,14700
20231229,12:48:45,16.2,50,14700
20231229,12:52:41,15.95,400,14750
20231229,12:53:04,15.95,350,14750
20231229,12:53:21,16.1,50,14750
20231229,12:53:44,16.2,250,14750
20231229,12:54:52,16.2,150,14750
20231229,12:55:00,16.2,600,14750
20231229,12:55:45,16.25,50,14750
20231229,12:56:08,16.25,200,14750
20231229,12:56:31,16.3,50,14750
20231229,12:58:08,16.2,50,15050
20231229,12:59:59,15.85,50,15100
20231229,13:01:03,15.85,400,15100
20231229,13:01:36,16.1,200,15100
20231229,13:02:14,16.1,250,15100
20231229,13:03:12,15.95,200,14600
20231229,13:03:30,15.9,100,14600
20231229,13:04:11,16.15,250,14600
20231229,13:09:26,16.3,1600,14250
20231229,13:09:42,16.25,50,14250
20231229,13:10:27,16.05,150,14250
20231229,13:10:50,16.1,50,14250
20231229,13:11:23,16.05,50,14250
20231229,13:11:30,16.1,750,14250
20231229,13:12:24,16.15,50,14200
20231229,13:13:11,16.3,50,14200
20231229,13:13:49,16.35,300,14200
20231229,13:15:00,16.45,150,14150
20231229,13:15:24,16.45,150,14150
20231229,13:15:33,16.5,50,14150
20231229,13:15:48,16.5,400,14150
20231229,13:19:35,16.35,200,14200
20231229,13:20:12,16.25,50,14200
20231229,13:20:20,16.25,200,14200
20231229,13:23:58,16.2,450,13950
20231229,13:24:06,16.15,250,13950
20231229,13:25:05,16.3,50,13950
20231229,13:25:36,16.25,50,13950
20231229,13:26:06,16.15,100,13950
20231229,13:26:52,16.15,50,14300
20231229,13:27:00,16.15,50,14300
20231229,13:27:23,16.1,1000,14300
20231229,13:27:39,16.15,50,14300
20231229,13:28:19,16.15,350,14300
20231229,13:29:37,15.9,300,14300
20231229,13:30:46,15.8,500,15250
20231229,13:31:19,15.7,50,15250
20231229,13:35:36,15.7,1100,15700
20231229,13:36:05,15.75,900,14850
20231229,13:36:19,15.95,450,14850
20231229,13:36:48,16.0,200,14850
20231229,13:36:56,15.95,50,14850
20231229,13:37:20,15.9,50,14850
20231229,13:37:43,15.8,50,14850
20231229,13:37:51,15.8,250,14850
20231229,13:37:59,15.85,200,14850
20231229,13:38:52,15.75,50,15150
20231229,13:39:09,15.8,500,15150
20231229,13:40:09,15.65,950,15150
20231229,13:40:18,15.7,350,15150
20231229,13:41:32,15.65,50,15150
20231229,13:43:41,15.95,50,15700
20231229,13:43:57,15.95,250,15700
20231229,13:44:38,16.0,350,15700
20231229,13:44:47,15.9,1000,15700
20231229,13:44:55,15.9,450,15700
20231229,13:45:03,15.9,550,16300
20231229,13:45:49,16.05,650,16300
20231229,13:46:36,16.15,450,16300
20231229,13:47:48,16.1,350,17950
20231229,13:48:49,16.1,900,17950
20231229,13:49:21,16.1,100,17950
20231229,13:49:28,16.25,100,17950
20231229,13:51:51,16.35,100,17450
20231229,13:51:58,16.35,100,17450
20231229,13:53:38,16.35,50,17450
20231229,13:54:31,16.25,450,17450
20231229,13:54:54,16.2,50,17450
20231229,13:55:02,16.25,350,17450
20231229,13:58:12,16.2,50,17700
20231229,13:58:20,16.2,50,17700
20231229,13:58:49,16.15,50,17700
20231229,13:58:57,16.15,50,17700
20231229,13:59:12,16.15,50,17700
20231229,14:02:06,16.05,250,17800
20231229,14:02:21,16.1,50,17800
20231229,14:02:29,16.05,50,17800
20231229,14:02:37,16.1,900,17800
20231229,14:03:28,16.05,50,18000
20231229,14:03:58,16.15,500,18000
20231229,14:04:07,16.15,50,18000
20231229,14:04:23,16.15,500,18000
20231229,14:04:55,16.1,50,18000
20231229,14:05:03,16.15,200,18000
20231229,14:06:13,16.0,50,18350
20231229,14:06:59,15.9,250,18350
20231229,14:07:54,15.85,50,18350
20231229,14:08:40,15.7,50,18350
20231229,14:11:33,15.3,50,18150
20231229,14:12:13,15.3,200,18200
20231229,14:13:03,15.15,50,18200
20231229,14:13:19,15.15,200,18200
20231229,14:13:52,15.05,250,18200
20231229,14:15:14,14.6,300,18200
20231229,14:15:56,14.55,200,18200
20231229,14:16:05,14.5,350,18200
20231229,14:16:24,14.45,50,18200
20231229,14:16:32,14.45,1150,18200
20231229,14:16:41,14.55,600,18200
20231229,14:17:16,14.55,50,18200
20231229,14:17:24,14.45,50,18200
20231229,14:17:58,14.2,150,19300
20231229,14:18:06,14.2,100,19300
20231229,14:18:14,14.2,200,19300
20231229,14:18:22,14.2,200,19300
20231229,14:18:30,14.2,200,19300
20231229,14:18:38,14.2,700,19300
20231229,14:18:54,14.15,900,19300
20231229,14:19:02,14.15,150,19300
20231229,14:19:11,14.1,450,19300
20231229,14:19:20,14.05,950,19300
20231229,14:19:36,14.05,750,19300
20231229,14:20:26,13.9,500,19300
20231229,14:20:35,13.9,200,19300
20231229,14:20:43,13.9,200,19300
20231229,14:21:00,13.95,150,18450
20231229,14:21:08,14.0,800,18450
20231229,14:21:50,14.0,150,18450
20231229,14:22:47,13.95,200,18450
20231229,14:23:04,14.1,50,18450
20231229,14:23:12,14.1,50,18450
20231229,14:23:45,14.1,300,18450
20231229,14:23:54,14.1,250,18450
20231229,14:24:04,14.05,50,18650
20231229,14:24:13,14.0,350,18650
20231229,14:24:30,13.95,400,18650
20231229,14:24:38,14.05,100,18650
20231229,14:25:24,13.7,1100,18650
20231229,14:26:24,13.8,100,18650
20231229,14:26:40,13.85,300,18650
20231229,14:26:57,13.85,850,18050
20231229,14:28:12,13.9,200,18050
20231229,14:28:29,13.85,50,18050
20231229,14:30:05,14.05,200,18250
20231229,14:30:22,14.0,150,18250
20231229,14:31:11,14.15,150,18250
20231229,14:31:19,14.15,50,18250
20231229,14:31:45,14.2,50,18250
20231229,14:31:53,14.25,700,18250
20231229,14:32:42,14.15,50,18250
20231229,14:32:59,14.3,400,18550
20231229,14:33:16,14.4,100,18550
20231229,14:33:24,14.4,650,18550
20231229,14:34:44,14.55,50,18550
20231229,14:35:02,14.65,400,18550
20231229,14:35:12,14.7,200,18550
20231229,14:35:20,14.8,700,18550
20231229,14:36:04,14.95,50,17800
20231229,14:37:03,15.15,800,17800
20231229,14:37:48,15.6,200,17800
20231229,14:38:30,15.5,50,17800
20231229,14:42:07,15.3,50,18200
20231229,14:43:39,15.45,500,18200
20231229,14:43:47,15.4,50,18200
20231229,14:44:35,15.3,300,18200
20231229,14:46:02,15.3,450,18800
20231229,14:48:34,15.25,200,19050
20231229,14:48:42,15.25,200,19050
20231229,14:49:22,15.35,50,19050
20231229,14:49:54,15.25,50,19050
20231229,14:52:30,15.6,50,19100
20231229,14:52:47,15.75,300,19100
20231229,14:52:56,15.9,50,19100
20231229,14:53:04,16.0,50,19100
20231229,14:53:30,15.95,50,19100
20231229,14:53:55,15.95,250,19100
20231229,14:54:12,15.95,500,19750
20231229,14:54:20,16.05,800,19750
20231229,14:54:28,16.05,50,19750
20231229,14:54:37,16.1,50,19750
20231229,14:55:02,16.1,600,19750
20231229,14:56:41,16.6,50,19750
20231229,14:57:37,16.6,100,18950
20231229,14:58:29,16.65,350,18950
20231229,14:59:12,16.65,150,18950
20231229,14:59:20,16.7,1850,18950
20231229,14:59:29,16.8,1800,18950
20231229,15:00:30,16.7,50,20650
20231229,15:00:48,16.9,50,20650
20231229,15:01:59,17.35,200,20650
20231229,15:02:09,17.2,250,20650
20231229,15:02:19,16.9,100,20650
20231229,15:02:39,16.6,50,20650
20231229,15:02:47,16.6,50,20650
20231229,15:03:14,16.6,300,20750
20231229,15:03:40,16.65,100,20750
20231229,15:03:49,16.75,50,20750
20231229,15:04:06,16.65,50,20750
20231229,15:04:15,16.7,250,20750
20231229,15:04:24,16.65,50,20750
20231229,15:05:03,16.6,100,20750
20231229,15:05:29,16.45,50,20750
20231229,15:05:54,16.4,300,20750
20231229,15:06:02,16.35,50,20750
20231229,15:06:30,16.25,100,20750
20231229,15:06:40,16.15,50,20750
20231229,15:06:58,16.15,100,20750
20231229,15:07:42,16.3,50,20750
20231229,15:08:00,16.3,50,20750
20231229,15:08:26,16.35,300,20750
20231229,15:08:44,16.2,150,20750
20231229,15:08:53,16.35,50,20750
20231229,15:09:20,16.0,200,21050
20231229,15:09:30,15.75,50,21050
20231229,15:09:39,15.85,200,21050
20231229,15:10:14,16.1,300,21050
20231229,15:10:32,15.95,50,21050
20231229,15:10:49,16.1,650,21050
20231229,15:11:06,16.2,50,21050
20231229,15:11:57,16.15,3650,21050
20231229,15:12:40,16.0,50,20350
20231229,15:13:09,15.6,100,20350
20231229,15:14:11,15.9,1250,20350
20231229,15:14:20,15.9,1800,20350
20231229,15:14:37,15.9,450,20350
20231229,15:14:45,15.8,1200,20350
20231229,15:14:54,15.8,100,20350
20231229,15:15:11,15.9,300,17900
20231229,15:15:38,15.8,50,17900
20231229,15:15:55,16.0,150,17900
20231229,15:16:29,16.0,50,17900
20231229,15:17:03,15.95,50,17900
20231229,15:18:18,16.0,400,17950
20231229,15:18:26,16.0,150,17950
20231229,15:19:08,15.95,200,17950
20231229,15:19:24,15.8,50,17950
20231229,15:19:33,15.8,150,17950
20231229,15:19:50,15.75,350,17950
20231229,15:20:20,15.75,200,17950
20231229,15:20:48,15.75,50,17950
20231229,15:20:57,15.7,300,17950
20231229,15:21:05,15.8,50,17950
20231229,15:21:14,15.85,150,17200
20231229,15:22:12,15.85,50,17200
20231229,15:23:19,15.75,50,17200
20231229,15:23:44,15.65,50,17200
20231229,15:23:53,15.6,50,17200
20231229,15:24:01,15.55,250,17200
20231229,15:24:19,15.5,1100,17600
20231229,15:25:18,15.2,150,17600
20231229,15:25:27,15.2,50,17600
20231229,15:25:35,15.2,400,17600
20231229,15:25:45,15.1,200,17600
20231229,15:25:54,15.05,50,17600
20231229,15:26:36,15.0,100,17600
20231229,15:27:08,15.05,100,17550
20231229,15:27:34,15.25,500,17550
20231229,15:28:08,15.5,100,17550
20231229,15:28:17,15.55,50,17550
20231229,15:29:27,15.55,100,17550
20231229,15:29:38,15.3,100,17550
20240101,09:15:08,16.35,1,14500
20240101,09:15:08,16.0,1,14500
20240101,09:15:08,16.3,800,14500
20240101,09:15:27,15.85,50,14500
20240101,09:15:35,15.7,350,14500
20240101,09:17:17,14.2,100,14500
20240101,09:17:25,14.2,100,14400
20240101,09:17:42,14.15,150,14400
20240101,09:17:49,13.95,100,14400
20240101,09:18:08,13.9,200,14400
20240101,09:18:45,13.65,200,14400
20240101,09:21:21,13.0,50,14800
20240101,09:21:46,13.0,50,14800
20240101,09:22:06,13.1,50,14800
20240101,09:22:36,13.2,100,14800
20240101,09:22:54,13.2,50,14800
20240101,09:24:09,13.35,200,14750
20240101,09:24:41,13.25,50,14750
20240101,09:24:58,13.3,50,14750
20240101,09:25:05,13.3,50,14750
20240101,09:25:39,13.2,50,14750
20240101,09:26:29,13.1,50,14850
20240101,09:27:11,13.1,150,14850
20240101,09:27:19,13.1,200,14850
20240101,09:27:36,13.05,50,14850
20240101,09:28:34,13.0,50,14850
20240101,09:29:16,12.85,50,14850
20240101,09:29:25,12.8,100,15050
20240101,09:29:33,12.75,250,15050
20240101,09:29:41,12.7,100,15050
20240101,09:30:13,12.55,50,15050
20240101,09:31:31,12.45,100,15050
20240101,09:31:39,12.45,200,15050
20240101,09:32:20,12.45,100,15050
20240101,09:32:29,12.6,100,14750
20240101,09:32:37,12.65,50,14750
20240101,09:33:09,12.65,50,14750
20240101,09:33:35,12.65,300,14750
20240101,09:33:51,12.65,100,14750
20240101,09:34:25,12.7,50,14750
20240101,09:35:31,12.8,100,15100
20240101,09:40:07,12.4,50,15150
20240101,09:40:17,12.4,50,15150
20240101,09:43:31,12.4,150,15100
20240101,09:44:04,12.4,50,15100
20240101,09:44:20,12.35,100,15100
20240101,09:44:37,12.3,150,15000
20240101,09:44:46,12.3,50,15000
20240101,09:45:03,12.3,100,15000
20240101,09:46:51,12.5,1150,15000
20240101,09:47:19,12.45,100,15000
20240101,09:47:44,12.3,500,15350
20240101,09:48:08,12.35,100,15350
20240101,09:48:33,12.25,300,15350
20240101,09:48:58,12.25,50,15350
20240101,09:49:07,12.5,100,15350
20240101,09:51:34,12.85,50,15600
20240101,09:51:50,12.8,50,15600
20240101,09:54:04,12.9,200,15700
20240101,09:54:22,12.85,50,15700
20240101,09:55:21,12.9,50,15700
20240101,09:57:11,12.75,50,15850
20240101,10:00:10,12.85,50,15900
20240101,10:00:19,12.8,50,15900
20240101,10:00:28,12.8,300,15900
20240101,10:01:42,12.8,100,15900
20240101,10:01:50,12.8,50,15900
20240101,10:02:07,12.8,150,15900
20240101,10:02:23,12.75,50,15900
20240101,10:02:46,12.75,50,15800
20240101,10:05:06,12.8,150,15800
20240101,10:05:14,12.85,250,15800
20240101,10:08:04,12.45,50,16200
20240101,10:08:12,12.45,50,16200
20240101,10:10:07,12.3,50,16250
20240101,10:10:48,12.25,50,16250
20240101,10:11:14,12.2,450,16250
20240101,10:11:23,12.15,200,16250
20240101,10:11:39,12.15,50,17000
20240101,10:11:47,12.2,350,17000
20240101,10:12:52,12.3,50,17000
20240101,10:13:24,12.3,50,17000
20240101,10:15:37,12.4,200,17300
20240101,10:16:09,12.4,50,17300
20240101,10:16:34,12.4,150,17300
20240101,10:16:42,12.4,100,17300
20240101,10:18:57,12.25,50,17350
20240101,10:21:01,12.25,50,17350
20240101,10:21:09,12.2,550,17350
20240101,10:22:07,11.95,50,17350
20240101,10:22:24,11.95,200,17350
20240101,10:22:32,12.0,200,17350
20240101,10:22:41,11.95,200,17350
20240101,10:25:05,11.95,50,17600
20240101,10:25:13,12.0,50,17600
20240101,10:32:31,12.35,50,17600
20240101,10:33:28,12.4,50,17600
20240101,10:34:09,12.4,50,17600
20240101,10:35:17,12.1,50,17600
20240101,10:37:34,12.15,100,17700
20240101,10:42:55,12.15,50,17700
20240101,10:43:18,12.25,50,17700
20240101,10:46:29,12.4,150,17700
20240101,10:47:53,12.35,50,17700
20240101,10:48:01,12.2,100,17700
20240101,10:48:34,12.35,50,17700
20240101,10:48:43,12.4,50,17700
20240101,10:49:08,12.45,50,17700
20240101,10:49:42,12.5,200,17700
20240101,10:50:01,12.55,150,17700
20240101,10:50:10,12.55,50,17700
20240101,10:50:43,12.6,50,18100
20240101,10:50:51,12.55,50,18100
20240101,10:51:00,12.5,100,18100
20240101,10:52:02,12.55,50,18100
20240101,10:53:34,12.55,400,18100
20240101,10:54:42,12.7,150,17850
20240101,10:55:14,12.7,300,17850
20240101,10:56:08,12.65,50,17850
20240101,10:56:40,12.5,100,17950
20240101,10:56:48,12.5,50,17950
20240101,10:57:11,12.5,50,17950
20240101,11:00:49,12.45,50,18050
20240101,11:01:22,12.45,50,18050
20240101,11:01:38,12.55,50,18050
20240101,11:11:16,12.65,50,18050
20240101,11:11:54,12.6,50,18050
20240101,11:14:48,12.65,250,18050
20240101,11:15:04,12.7,300,18050
20240101,11:15:13,12.7,200,18050
20240101,11:18:58,12.45,50,18150
20240101,11:19:05,12.45,50,18150
20240101,11:19:22,12.45,50,18150
20240101,11:19:31,12.45,200,18150
20240101,11:19:40,12.45,50,18150
20240101,11:21:00,12.65,50,18500
20240101,11:21:07,12.7,50,18500
20240101,11:21:22,12.75,50,18500
20240101,11:22:05,12.75,100,18500
20240101,11:33:42,12.3,50,18400
20240101,11:34:12,12.25,50,18400
20240101,11:34:49,12.3,100,18400
20240101,11:35:25,12.3,100,18400
20240101,11:37:11,12.3,50,18150
20240101,11:39:49,12.3,50,18150
20240101,11:41:31,12.35,50,18150
20240101,11:43:27,12.25,50,18150
20240101,11:44:59,12.2,100,18100
20240101,11:45:07,12.2,100,18100
20240101,11:46:56,12.15,50,18100
20240101,11:48:02,12.15,50,17850
20240101,11:49:06,12.05,800,17850
20240101,11:49:14,12.05,650,17850
20240101,11:49:38,12.1,50,17850
20240101,11:49:46,12.15,50,17850
20240101,11:50:16,12.2,50,17850
20240101,11:50:45,12.15,50,17850
20240101,11:51:01,12.2,50,17050
20240101,11:51:09,12.2,50,17050
20240101,11:52:44,12.1,100,17050
20240101,11:54:13,12.1,50,17150
20240101,11:54:20,12.1,50,17150
20240101,11:54:35,12.1,50,17150
20240101,11:54:57,12.0,50,17150
20240101,11:55:12,12.1,50,17150
20240101,11:57:24,11.9,50,17200
20240101,11:59:01,11.9,50,17200
20240101,11:59:09,11.95,50,17200
20240101,12:01:15,11.8,50,17300
20240101,12:01:23,11.8,50,17300
20240101,12:01:55,11.65,50,17300
20240101,12:03:35,11.65,50,17350
20240101,12:04:16,11.9,200,17350
20240101,12:05:06,11.75,100,17350
20240101,12:05:38,11.7,50,17350
20240101,12:05:55,11.7,50,17050
20240101,12:06:35,11.8,50,17050
20240101,12:07:16,11.7,50,17050
20240101,12:07:33,11.7,50,17050
20240101,12:07:42,11.75,100,17050
20240101,12:10:41,11.65,50,16900
20240101,12:11:06,11.6,50,16900
20240101,12:12:07,11.6,50,16900
20240101,12:12:17,11.65,50,16900
20240101,12:12:26,11.6,100,16900
20240101,12:13:09,11.7,100,16900
20240101,12:13:57,11.7,100,16900
20240101,12:14:15,11.65,50,16900
20240101,12:14:23,11.65,100,16900
20240101,12:14:40,11.7,50,16900
20240101,12:14:48,11.75,150,16900
20240101,12:15:13,11.65,200,16800
20240101,12:16:37,11.6,50,16800
20240101,12:18:27,11.55,150,16450
20240101,12:18:34,11.55,100,16450
20240101,12:18:42,11.5,300,16450
20240101,12:18:50,11.5,250,16450
20240101,12:18:58,11.35,150,16450
20240101,12:19:06,11.35,100,16450
20240101,12:19:39,11.3,250,16450
20240101,12:20:02,11.2,200,16450
20240101,12:20:10,11.2,50,16450
20240101,12:21:24,11.2,50,17200
20240101,12:23:26,11.15,50,17200
20240101,12:25:28,11.1,50,17150
20240101,12:27:15,11.0,50,16950
20240101,12:27:23,11.0,50,16950
20240101,12:30:16,10.95,100,15950
20240101,12:32:36,10.85,100,15950
20240101,12:36:47,10.85,100,16050
20240101,12:39:31,10.65,50,16150
20240101,12:50:05,10.65,50,16050
20240101,12:50:14,10.9,50,16050
20240101,12:52:40,10.85,50,16100
20240101,12:52:47,10.8,200,16100
20240101,12:53:04,10.9,50,16100
20240101,12:53:26,11.0,100,16100
20240101,12:54:01,11.1,50,16350
20240101,12:54:09,11.1,200,16350
20240101,12:54:17,11.1,200,16350
20240101,12:56:56,11.25,100,16800
20240101,12:57:11,11.25,700,16800
20240101,12:57:54,11.25,50,16800
20240101,12:58:02,11.25,50,16800
20240101,13:03:03,11.35,50,17300
20240101,13:03:44,11.35,50,17300
20240101,13:04:15,11.1,100,17300
20240101,13:04:23,10.95,850,17300
20240101,13:04:30,10.9,50,17300
20240101,13:04:46,10.8,100,17300
20240101,13:04:54,10.75,600,17300
20240101,13:05:01,10.75,100,17300
20240101,13:05:09,10.7,550,17300
20240101,13:05:24,10.75,50,17300
20240101,13:05:42,10.8,950,17300
20240101,13:06:07,10.75,450,20750
20240101,13:06:15,10.8,450,20750
20240101,13:06:39,10.8,50,20750
20240101,13:06:47,10.8,50,20750
20240101,13:07:10,10.8,100,20750
20240101,13:09:30,10.65,50,20250
20240101,13:10:15,10.65,50,20250
20240101,13:17:06,10.9,200,20250
20240101,13:18:01,10.9,50,20250
20240101,13:19:29,10.75,150,20450
20240101,13:20:23,10.85,50,20450
20240101,13:20:47,10.9,450,20450
20240101,13:23:36,10.85,100,21000
20240101,13:23:58,10.85,300,21000
20240101,13:28:18,10.75,100,20700
20240101,13:29:50,10.85,150,20700
20240101,13:29:58,10.9,50,20700
20240101,13:30:17,10.95,50,20500
20240101,13:30:54,10.9,100,20500
20240101,13:33:35,11.1,700,20450
20240101,13:33:43,11.1,150,20450
20240101,13:33:59,11.1,50,20450
20240101,13:42:14,11.1,50,20750
20240101,13:43:51,11.05,100,20750
20240101,13:50:07,11.2,50,20650
20240101,13:50:24,11.15,50,20650
20240101,13:51:32,10.95,100,20700
20240101,13:51:49,10.9,100,20700
20240101,13:54:55,11.1,100,20700
20240101,13:57:34,11.25,50,20700
20240101,13:59:56,11.25,50,20700
20240101,14:00:04,11.25,50,20700
20240101,14:04:12,11.95,200,20650
20240101,14:04:30,12.0,900,20650
20240101,14:05:04,12.0,100,20650
20240101,14:05:13,12.05,50,20650
20240101,14:05:24,12.25,200,20650
20240101,14:05:35,12.05,100,20650
20240101,14:05:53,12.05,50,20650
20240101,14:10:13,12.0,50,21300
20240101,14:10:22,11.95,50,21300
20240101,14:11:49,12.3,50,21300
20240101,14:15:20,12.45,50,21350
20240101,14:15:30,12.45,50,21350
20240101,14:15:47,12.5,100,21350
20240101,14:16:05,12.5,50,21350
20240101,14:16:14,12.5,50,21350
20240101,14:16:31,12.6,100,21350
20240101,14:17:31,12.55,50,21350
20240101,14:18:09,12.7,150,21550
20240101,14:18:29,12.55,100,21550
20240101,14:18:38,12.65,50,21550
20240101,14:19:24,12.7,150,21550
20240101,14:21:40,13.0,100,21650
20240101,14:21:50,12.9,100,21650
20240101,14:22:45,12.85,50,21650
20240101,14:22:54,12.8,50,21650
20240101,14:24:28,13.0,50,21700
20240101,14:24:46,12.95,100,21700
20240101,14:25:24,12.95,50,21700
20240101,14:27:04,13.0,50,21700
20240101,14:27:41,12.8,100,21800
20240101,14:30:01,12.85,500,21800
20240101,14:30:29,12.9,50,21850
20240101,14:31:14,13.05,50,21850
20240101,14:31:24,13.05,450,21850
20240101,14:31:33,13.1,100,21850
20240101,14:32:09,13.15,50,21850
20240101,14:32:17,13.15,100,21850
20240101,14:33:08,13.2,50,21600
20240101,14:33:40,13.2,50,21600
20240101,14:33:49,13.25,200,21600
20240101,14:35:04,13.4,200,21600
20240101,14:35:13,13.35,50,21600
20240101,14:35:22,13.35,50,21600
20240101,14:37:32,13.25,50,21250
20240101,14:39:46,12.65,100,21300
20240101,14:41:15,12.8,50,21300
20240101,14:42:13,12.95,100,21300
20240101,14:42:58,13.1,50,21250
20240101,14:43:08,13.05,100,21250
20240101,14:43:28,13.2,100,21250
20240101,14:44:00,13.4,150,21250
20240101,14:44:21,13.5,150,21250
20240101,14:44:31,13.5,400,21250
20240101,14:44:40,13.7,200,21250
20240101,14:45:11,13.9,100,21250
20240101,14:45:21,13.95,200,21550
20240101,14:45:30,14.1,50,21550
20240101,14:45:40,14.05,50,21550
20240101,14:45:59,13.95,50,21550
20240101,14:46:08,14.25,50,21550
20240101,14:46:17,14.2,50,21550
20240101,14:46:27,14.35,50,21550
20240101,14:46:46,14.05,50,21550
20240101,14:47:05,14.3,950,21550
20240101,14:47:14,14.45,50,21550
20240101,14:47:41,14.3,50,21550
20240101,14:47:59,14.15,50,21550
20240101,14:48:08,14.2,50,21550
20240101,14:48:17,14.2,50,22750
20240101,14:48:26,14.15,50,22750
20240101,14:49:00,14.0,50,22750
20240101,14:49:20,14.2,50,22750
20240101,14:49:31,14.2,50,22750
20240101,14:49:42,14.65,50,22750
20240101,14:49:53,15.05,50,22750
20240101,14:50:13,15.3,150,22750
20240101,14:50:25,15.8,500,22750
20240101,14:50:36,16.0,150,22750
20240101,14:50:55,15.95,50,22750
20240101,14:51:04,16.3,50,22750
20240101,14:51:13,16.0,50,22750
20240101,14:51:23,16.2,100,23450
20240101,14:51:44,16.15,50,23450
20240101,14:52:04,16.15,250,23450
20240101,14:52:33,16.0,200,23450
20240101,14:52:42,15.9,50,23450
20240101,14:53:09,15.85,50,23450
20240101,14:53:18,15.6,250,23450
20240101,14:53:37,15.7,150,23450
20240101,14:53:46,15.75,50,23450
20240101,14:53:56,15.9,50,23450
20240101,14:54:05,15.75,50,23450
20240101,14:54:34,15.95,50,23500
20240101,14:55:02,15.95,50,23500
20240101,14:55:21,15.85,100,23500
20240101,14:55:48,15.9,50,23500
20240101,14:56:05,15.9,50,23500
20240101,14:56:49,15.75,50,23500
20240101,14:56:58,15.75,50,23500
20240101,14:57:24,15.85,50,23550
20240101,14:58:08,15.85,50,23550
20240101,14:59:12,15.95,100,23550
20240101,14:59:21,15.95,150,23550
20240101,14:59:38,15.95,150,23550
20240101,14:59:47,16.15,50,23550
20240101,14:59:56,16.15,200,23550
20240101,15:00:15,16.45,100,23550
20240101,15:01:56,16.45,50,23900
20240101,15:02:06,15.8,50,23900
20240101,15:02:16,15.3,350,23900
20240101,15:02:26,15.3,200,23900
20240101,15:03:24,15.0,450,23900
20240101,15:08:26,13.7,50,24400
20240101,15:09:35,12.65,50,24450
20240101,15:09:45,12.75,100,24450
20240101,15:10:05,12.85,50,24450
20240101,15:10:17,12.45,100,24450
20240101,15:10:29,12.4,100,24450
20240101,15:10:40,12.25,150,24450
20240101,15:10:52,12.0,50,24450
20240101,15:11:24,12.15,50,24450
20240101,15:11:55,12.15,50,24450
20240101,15:12:06,12.15,50,24450
20240101,15:12:16,12.25,50,24450
20240101,15:12:35,12.3,450,24350
20240101,15:12:46,12.25,50,24350
20240101,15:12:57,12.25,50,24350
20240101,15:13:29,12.15,50,24350
20240101,15:13:41,12.0,50,24350
20240101,15:14:00,12.05,50,24350
20240101,15:14:10,12.2,50,24350
20240101,15:14:30,12.15,50,24350
20240101,15:15:00,12.45,250,24350
20240101,15:15:30,12.35,50,24350
20240101,15:16:10,12.4,100,24350
20240101,15:16:20,12.5,150,24350
20240101,15:17:38,12.75,50,24350
20240101,15:17:57,12.8,50,24350
20240101,15:18:07,12.7,300,24350
20240101,15:18:26,12.45,50,24500
20240101,15:18:36,12.2,150,24500
20240101,15:18:46,12.35,50,24500
20240101,15:19:04,12.2,50,24500
20240101,15:19:32,12.15,50,24500
20240101,15:19:42,12.15,50,24500
20240101,15:19:51,12.15,150,24500
20240101,15:20:13,12.25,150,24500
20240101,15:20:37,12.15,50,24500
20240101,15:21:00,12.0,150,24500
20240101,15:21:11,12.0,50,24500
20240101,15:21:33,11.75,50,24800
20240101,15:21:45,11.75,100,24800
20240101,15:21:57,11.45,900,24800
20240101,15:22:10,11.2,500,24800
20240101,15:22:21,11.2,100,24800
20240101,15:22:32,11.15,450,24800
20240101,15:22:44,11.05,50,24800
20240101,15:22:54,11.05,200,24800
20240101,15:24:11,11.1,150,24800
20240101,15:24:23,11.15,350,26750
20240101,15:24:34,11.05,50,26750
20240101,15:25:13,10.85,50,26750
20240101,15:25:24,10.8,50,26750
20240101,15:25:36,10.85,250,26750
20240101,15:25:48,10.75,50,26750
20240101,15:26:00,10.55,400,26750
20240101,15:26:10,10.6,200,26750
20240101,15:26:20,10.6,100,26750
20240101,15:26:30,10.35,250,26750
20240101,15:26:41,10.3,750,26750
20240101,15:26:51,10.4,650,26750
20240101,15:27:01,10.35,1650,26750
20240101,15:27:12,10.3,550,26750
20240101,15:27:22,10.2,450,29800
20240101,15:27:33,10.15,200,29800
20240101,15:27:45,10.15,600,29800
20240101,15:27:56,10.3,100,29800
20240101,15:28:09,10.2,450,29800
20240101,15:28:21,10.25,100,29800
20240101,15:28:32,10.2,50,29800
20240101,15:28:43,10.2,400,29800
20240101,15:28:53,10.15,250,29800
20240101,15:29:30,10.25,700,29800
20240101,15:29:42,10.45,200,29800
20240101,15:29:54,10.25,250,29800
20240102,09:15:11,11.5,1,31000
20240102,09:15:11,10.0,1,31000
20240102,09:15:11,10.05,350,31000
20240102,09:15:57,10.65,200,31000
20240102,09:16:19,10.9,150,31000
20240102,09:18:04,10.6,150,31550
20240102,09:18:23,10.5,100,31550
20240102,09:19:13,10.55,50,31550
20240102,09:19:23,10.6,100,31550
20240102,09:19:42,10.55,50,31550
20240102,09:19:52,10.55,50,31550
20240102,09:20:02,10.5,800,31550
20240102,09:20:23,10.35,200,31550
20240102,09:21:21,10.25,50,32450
20240102,09:22:03,10.05,50,32450
20240102,09:22:15,9.95,50,32450
20240102,09:22:26,9.85,50,32450
20240102,09:22:37,9.85,50,32450
20240102,09:22:47,9.8,100,32450
20240102,09:23:25,9.8,250,32450
20240102,09:24:02,10.05,50,32750
20240102,09:24:11,10.0,50,32750
20240102,09:24:41,9.9,150,32750
20240102,09:26:43,9.2,50,32500
20240102,09:26:54,9.2,50,32500
20240102,09:27:14,9.15,150,32500
20240102,09:28:37,9.15,400,32500
20240102,09:28:51,10.05,50,32500
20240102,09:29:02,10.0,150,32500
20240102,09:29:12,9.85,50,32500
20240102,09:29:35,9.6,250,32650
20240102,09:29:55,9.4,100,32650
20240102,09:30:05,9.4,50,32650
20240102,09:31:36,9.5,100,32650
20240102,09:32:35,9.5,50,32650
20240102,09:34:02,9.6,50,32800
20240102,09:34:47,9.6,100,32800
20240102,09:36:40,9.5,50,32550
20240102,09:36:49,9.45,50,32550
20240102,09:37:59,9.45,50,32550
20240102,09:38:17,9.4,150,32550
20240102,09:42:14,9.7,1250,32550
20240102,09:42:24,9.8,4750,32550
20240102,09:49:44,9.95,50,31900
20240102,09:50:02,10.05,250,31900
20240102,09:50:47,10.15,50,31850
20240102,09:51:05,10.05,550,31850
20240102,09:51:25,10.0,200,31850
20240102,09:51:53,10.05,50,31850
20240102,09:52:21,10.0,50,31850
20240102,09:52:38,10.1,50,31850
20240102,09:57:26,9.55,100,32100
20240102,09:58:02,9.55,50,32100
20240102,09:58:13,9.2,200,32100
20240102,09:59:22,9.0,150,32100
20240102,09:59:34,9.0,550,32100
20240102,09:59:55,8.9,1150,32850
20240102,10:00:06,8.95,50,32850
20240102,10:00:44,9.0,50,32850
20240102,10:02:09,9.05,200,32850
20240102,10:02:19,9.05,250,32850
20240102,10:02:59,8.9,50,32350
20240102,10:03:11,8.95,50,32350
20240102,10:03:23,8.95,50,32350
20240102,10:03:36,8.9,100,32350
20240102,10:05:50,8.85,150,32200
20240102,10:07:34,8.85,250,32200
20240102,10:07:55,9.05,50,32200
20240102,10:09:34,9.0,50,32050
20240102,10:09:44,9.0,100,32050
20240102,10:11:33,9.0,50,32050
20240102,10:12:39,8.95,750,32150
20240102,10:12:50,8.9,150,32150
20240102,10:13:01,8.95,100,32150
20240102,10:13:11,8.95,300,32150
20240102,10:13:21,8.95,50,32150
20240102,10:13:41,9.0,150,32150
20240102,10:14:31,9.0,100,32150
20240102,10:14:41,9.05,50,32950
20240102,10:14:51,9.0,100,32950
20240102,10:15:21,9.0,50,32950
20240102,10:18:55,9.2,300,32900
20240102,10:22:38,9.1,350,32600
20240102,10:22:58,9.05,50,32600
20240102,10:23:48,9.1,50,33000
20240102,10:24:08,9.15,300,33000
20240102,10:24:18,9.15,50,33000
20240102,10:25:00,8.95,50,33000
20240102,10:25:12,8.9,100,33000
20240102,10:25:33,8.8,100,33000
20240102,10:25:44,8.75,50,33000
20240102,10:26:04,8.75,350,33000
20240102,10:30:07,8.45,300,32500
20240102,10:30:41,8.2,150,32500
20240102,10:31:11,8.1,50,32500
20240102,10:31:30,8.05,50,32500
20240102,10:32:02,7.95,100,32500
20240102,10:32:13,7.95,50,32500
20240102,10:32:23,7.95,50,32500
20240102,10:32:53,8.1,50,30750
20240102,10:33:12,8.3,50,30750
20240102,10:33:22,8.5,350,30750
20240102,10:33:31,8.6,150,30750
20240102,10:33:41,8.55,350,30750
20240102,10:33:52,8.6,650,30750
20240102,10:34:01,8.5,650,30750
20240102,10:34:11,8.55,150,30750
20240102,10:34:21,8.55,50,30750
20240102,10:34:30,8.55,250,30750
20240102,10:35:20,8.5,50,30750
20240102,10:36:21,8.2,50,29350
20240102,10:36:34,8.2,50,29350
20240102,10:36:46,8.15,550,29350
20240102,10:36:58,8.2,1100,29350
20240102,10:37:10,8.15,200,29350
20240102,10:37:22,8.15,250,29350
20240102,10:37:33,8.3,850,29350
20240102,10:37:43,8.2,50,29350
20240102,10:37:54,8.2,50,29350
20240102,10:38:14,8.2,50,29350
20240102,10:39:07,8.15,600,29150
20240102,10:39:19,8.2,100,29150
20240102,10:39:30,8.15,50,29150
20240102,10:39:40,8.15,1300,29150
20240102,10:40:14,8.2,150,29150
20240102,10:41:07,8.05,50,29150
20240102,10:41:49,7.95,750,28550
20240102,10:42:00,7.9,400,28550
20240102,10:42:11,7.8,50,28550
20240102,10:43:03,7.8,1100,28550
20240102,10:43:25,7.95,50,28550
20240102,10:43:56,8.25,250,28550
20240102,10:44:06,8.45,700,28550
20240102,10:44:17,8.5,1300,28550
20240102,10:44:58,8.5,100,28200
20240102,10:45:19,8.45,2050,28200
20240102,10:45:29,8.5,450,28200
20240102,10:45:39,8.5,200,28200
20240102,10:45:49,8.7,50,28200
20240102,10:45:59,8.7,50,28200
20240102,10:46:09,8.65,600,28200
20240102,10:47:29,8.65,200,28200
20240102,10:47:40,8.65,100,28200
20240102,10:48:00,8.55,50,27850
20240102,10:48:31,8.6,100,27850
20240102,10:48:40,8.6,400,27850
20240102,10:49:31,8.65,200,27850
20240102,10:49:42,8.7,200,27850
20240102,10:50:02,8.65,200,27850
20240102,10:50:13,8.7,750,27850
20240102,10:50:24,8.7,250,27850
20240102,10:50:34,8.7,2150,27850
20240102,10:51:04,8.65,750,28550
20240102,10:51:14,8.7,1000,28550
20240102,10:51:24,8.7,550,28550
20240102,10:52:13,8.7,150,28550
20240102,10:52:23,8.7,50,28550
20240102,10:53:12,8.75,50,28550
20240102,10:53:21,8.75,100,28550
20240102,10:54:19,8.85,50,27700
20240102,10:54:47,8.85,100,27700
20240102,10:55:15,8.85,400,27700
20240102,10:55:33,8.8,50,27700
20240102,10:56:02,8.75,1250,27700
20240102,10:56:39,8.65,200,27700
20240102,10:56:49,8.45,50,27750
20240102,10:57:39,8.5,50,27750
20240102,10:58:08,8.55,200,27750
20240102,10:58:18,8.55,50,27750
20240102,10:58:27,8.5,950,27750
20240102,10:58:36,8.45,50,27750
20240102,10:59:14,8.55,600,27750
20240102,10:59:24,8.55,100,27750
20240102,10:59:34,8.5,50,27750
20240102,10:59:44,8.5,50,27750
20240102,10:59:54,8.6,750,27500
20240102,11:00:14,8.65,250,27500
20240102,11:00:33,8.55,950,27500
20240102,11:00:42,8.55,50,27500
20240102,11:01:11,8.5,150,27500
20240102,11:01:30,8.5,500,27500
20240102,11:02:08,8.5,350,27500
20240102,11:02:18,8.55,50,27500
20240102,11:02:56,8.5,50,27900
20240102,11:03:15,8.5,150,27900
20240102,11:03:33,8.5,50,27900
20240102,11:03:52,8.45,450,27900
20240102,11:04:10,8.45,100,27900
20240102,11:04:29,8.45,100,27900
20240102,11:04:56,8.45,1000,27900
20240102,11:05:05,8.4,50,27900
20240102,11:05:15,8.45,50,27900
20240102,11:05:24,8.4,150,27900
20240102,11:05:43,8.45,100,27900
20240102,11:06:02,8.45,100,28950
20240102,11:07:55,8.5,50,28950
20240102,11:08:13,8.45,100,28950
20240102,11:09:00,8.4,50,28950
20240102,11:09:37,8.45,50,29050
20240102,11:09:46,8.4,50,29050
20240102,11:10:23,8.35,50,29050
20240102,11:11:37,8.35,50,29050
20240102,11:12:41,8.45,50,29050
20240102,11:13:08,8.35,250,29050
20240102,11:14:54,8.35,200,29300
20240102,11:15:34,8.3,50,29300
20240102,11:15:44,8.2,450,29300
20240102,11:16:05,8.3,100,29300
20240102,11:17:21,8.25,250,29300
20240102,11:20:26,8.35,400,29950
20240102,11:20:44,8.25,50,29950
20240102,11:20:53,8.3,150,29500
20240102,11:21:49,8.3,400,29500
20240102,11:22:37,8.25,50,29500
20240102,11:23:15,8.25,700,29500
20240102,11:24:56,8.3,50,28550
20240102,11:29:23,8.3,50,28600
20240102,11:33:00,8.25,500,28650
20240102,11:38:40,8.25,200,28500
20240102,11:40:04,8.15,500,28300
20240102,11:40:49,8.15,200,28300
20240102,11:41:46,8.0,300,28300
20240102,11:42:06,7.95,50,28250
20240102,11:43:13,8.0,3600,28250
20240102,11:43:40,8.0,800,28250
20240102,11:43:50,8.0,1950,28250
20240102,11:44:00,8.0,400,28250
20240102,11:44:10,8.05,400,28250
20240102,11:45:32,7.95,50,24200
20240102,11:47:56,8.1,50,24150
20240102,11:52:06,7.75,50,24200
20240102,11:52:15,7.7,50,24200
20240102,11:53:18,7.65,50,24200
20240102,11:54:29,7.65,100,24250
20240102,11:57:59,7.65,400,24150
20240102,12:00:01,7.75,250,24100
20240102,12:04:01,7.95,50,24150
20240102,12:04:47,7.95,100,24150
20240102,12:06:59,7.9,100,24150
20240102,12:07:33,7.85,50,24150
20240102,12:07:41,7.85,100,24150
20240102,12:07:50,7.8,100,24150
20240102,12:13:08,8.0,50,24150
20240102,12:16:57,8.05,100,24200
20240102,12:17:07,8.1,600,24200
20240102,12:17:18,8.1,50,24200
20240102,12:17:29,8.15,50,24200
20240102,12:19:14,8.25,200,24600
20240102,12:20:49,8.15,50,24600
20240102,12:20:59,8.15,200,24350
20240102,12:21:18,8.05,200,24350
20240102,12:21:38,8.1,50,24350
20240102,12:21:48,8.1,50,24350
20240102,12:23:10,8.05,50,24350
20240102,12:24:13,8.05,50,24000
20240102,12:25:09,8.15,50,24000
20240102,12:25:36,8.15,250,24000
20240102,12:29:00,8.15,50,23750
20240102,12:29:27,8.1,50,23750
20240102,12:30:10,8.1,100,23750
20240102,12:34:46,8.3,50,23650
20240102,12:35:35,8.25,50,23650
20240102,12:37:17,8.1,300,23650
20240102,12:41:38,8.15,50,23600
20240102,12:47:11,8.15,250,23550
20240102,12:48:06,8.1,50,23600
20240102,12:48:51,8.05,50,23600
20240102,12:53:24,8.1,50,23550
20240102,12:55:24,8.15,400,23500
20240102,12:56:59,8.1,150,23500
20240102,12:57:25,8.15,50,23450
20240102,12:58:36,8.15,100,23450
20240102,12:59:30,8.2,50,23450
20240102,13:02:25,8.2,100,23250
20240102,13:02:54,8.15,200,23250
20240102,13:03:40,8.2,50,23300
20240102,13:04:12,8.1,100,23300
20240102,13:05:29,8.1,1050,23300
20240102,13:06:14,8.1,700,22800
20240102,13:06:22,8.15,50,22800
20240102,13:08:00,8.15,50,22800
20240102,13:12:20,8.15,50,22100
20240102,13:17:56,8.1,1050,22150
20240102,13:21:20,8.0,250,23050
20240102,13:22:36,8.0,100,23050
20240102,13:23:29,8.0,200,23050
20240102,13:23:38,8.0,200,23050
20240102,13:26:15,8.0,50,23550
20240102,13:28:14,8.05,300,23500
20240102,13:28:31,8.0,50,23500
20240102,13:34:33,8.15,50,23250
20240102,13:38:11,8.05,150,23200
20240102,13:41:10,8.2,300,23200
20240102,13:41:37,8.25,150,23200
20240102,13:45:43,8.3,50,23250
20240102,13:46:07,8.2,250,23250
20240102,13:53:54,8.3,100,23300
20240102,13:54:03,8.35,100,23300
20240102,13:55:09,8.4,50,23300
20240102,13:56:36,8.4,50,23300
20240102,13:58:36,8.4,400,23350
20240102,14:01:03,8.4,50,23750
20240102,14:01:39,8.4,200,23750
20240102,14:02:48,8.55,650,23750
20240102,14:09:57,8.6,400,23350
20240102,14:12:15,8.8,150,23750
20240102,14:13:03,8.95,100,23750
20240102,14:14:56,9.0,400,23750
20240102,14:16:03,8.95,50,23300
20240102,14:19:13,8.75,50,23350
20240102,14:20:33,8.75,200,23350
20240102,14:21:37,8.65,250,23500
20240102,14:26:38,8.65,600,23750
20240102,14:30:42,8.8,50,24150
20240102,14:31:46,8.9,50,24150
20240102,14:33:27,8.95,250,24200
20240102,14:37:23,8.9,50,23950
20240102,14:37:34,9.1,50,23950
20240102,14:37:44,9.05,50,23950
20240102,14:38:05,8.95,50,23950
20240102,14:38:29,9.05,100,23950
20240102,14:39:02,9.05,50,23950
20240102,14:39:12,9.2,50,23950
20240102,14:39:52,9.1,100,23900
20240102,14:40:55,9.05,300,23900
20240102,14:41:55,9.0,100,23900
20240102,14:42:24,9.2,50,23950
20240102,14:43:48,9.2,750,23950
20240102,14:44:26,9.1,50,23950
20240102,14:44:47,9.15,100,23950
20240102,14:45:16,9.2,250,23050
20240102,14:46:22,9.4,300,23050
20240102,14:47:38,9.5,200,23050
20240102,14:49:38,9.55,850,23050
20240102,14:50:54,9.4,100,23050
20240102,14:51:49,9.5,50,22700
20240102,14:51:59,9.45,50,22700
20240102,14:52:20,9.4,400,22700
20240102,14:56:40,9.35,50,22800
20240102,14:57:09,9.3,550,22800
20240102,14:57:19,9.2,450,23300
20240102,15:00:13,9.3,50,23300
20240102,15:00:23,9.4,200,22850
20240102,15:01:14,9.45,50,22850
20240102,15:01:33,9.45,200,22850
20240102,15:03:20,9.5,50,22850
20240102,15:03:57,9.5,50,22800
20240102,15:05:56,9.4,150,22800
20240102,15:06:17,9.3,300,22800
20240102,15:06:29,9.25,200,23100
20240102,15:07:43,9.15,100,23100
20240102,15:08:07,8.95,450,23100
20240102,15:08:20,8.95,150,23100
20240102,15:08:31,8.95,50,23100
20240102,15:09:15,9.05,50,23100
20240102,15:10:08,8.85,200,23300
20240102,15:10:31,8.6,50,23300
20240102,15:10:43,8.5,1250,23300
20240102,15:10:54,8.55,950,23300
20240102,15:11:16,8.55,50,23300
20240102,15:11:36,8.6,50,23300
20240102,15:12:15,8.55,50,23300
20240102,15:12:46,8.45,150,25600
20240102,15:12:56,8.45,200,25600
20240102,15:13:17,8.45,50,25600
20240102,15:13:39,8.25,100,25600
20240102,15:14:10,8.4,150,25600
20240102,15:14:20,8.35,100,25600
20240102,15:15:11,8.55,150,25600
20240102,15:15:22,8.6,400,25600
20240102,15:18:12,8.55,50,25300
20240102,15:18:21,8.55,50,25300
20240102,15:18:41,8.5,50,25200
20240102,15:19:00,8.55,50,25200
20240102,15:19:38,8.55,50,25200
20240102,15:20:22,8.45,200,25200
20240102,15:21:12,8.55,100,25200
20240102,15:21:50,8.45,50,24850
20240102,15:23:05,8.7,400,24850
20240102,15:23:15,8.7,600,24850
20240102,15:23:24,8.8,100,24850
20240102,15:25:01,8.9,50,23750
20240102,15:25:30,8.75,50,23750
20240102,15:26:31,8.75,100,23750
20240102,15:26:50,8.75,800,23750
20240102,15:27:09,8.75,150,23750
20240102,15:27:29,8.75,50,23750
20240102,15:27:57,8.8,350,23050
20240102,15:28:07,8.75,100,23050
20240102,15:28:17,8.75,100,23050
20240102,15:28:28,8.85,450,23050
20240102,15:28:38,8.95,300,23050
20240102,15:29:30,8.75,50,23050
20240103,09:16:50,8.95,1,22200
20240103,09:16:50,8.95,100,22200
20240103,09:16:57,8.25,50,22200
20240103,09:19:05,7.45,100,22300
20240103,09:19:36,7.45,50,22300
20240103,09:20:10,7.85,50,22300
20240103,09:20:37,7.85,50,22300
20240103,09:21:04,8.0,100,22150
20240103,09:21:22,7.75,50,22150
20240103,09:23:16,7.85,50,22150
20240103,09:23:59,7.8,50,22150
20240103,09:26:00,7.9,100,22150
20240103,09:26:53,8.35,900,22200
20240103,09:30:57,8.05,150,22450
20240103,09:31:15,8.05,50,22450
20240103,09:32:08,8.0,50,22450
20240103,09:32:34,7.75,1050,22450
20240103,09:38:20,7.75,50,22300
20240103,09:38:59,7.7,50,22300
20240103,09:43:41,7.5,50,22300
20240103,09:44:11,7.45,50,22300
20240103,09:44:20,7.55,100,22300
20240103,09:44:39,7.55,50,22300
20240103,09:44:57,7.4,50,22300
20240103,09:45:06,7.4,50,22300
20240103,09:45:55,7.35,50,22300
20240103,09:48:09,7.35,50,22300
20240103,09:49:18,7.3,50,22300
20240103,09:49:45,7.3,50,22300
20240103,09:50:03,7.2,50,22300
20240103,09:53:02,7.2,50,22300
20240103,10:01:25,7.45,100,22300
20240103,10:04:22,7.5,50,22300
20240103,10:15:24,7.5,50,22200
20240103,10:15:56,7.55,250,22200
20240103,10:17:46,7.6,700,22200
20240103,10:21:51,7.35,100,21100
20240103,10:23:08,7.3,350,21100
20240103,10:23:35,7.25,250,21100
20240103,10:28:38,7.25,1500,21650
20240103,10:29:58,7.2,50,21450
20240103,10:30:15,7.25,50,21450
20240103,10:33:18,7.2,50,21400
20240103,10:36:37,7.3,50,21450
20240103,10:41:15,7.35,150,21450
20240103,10:42:54,7.35,50,21550
20240103,10:51:22,7.35,50,21550
20240103,10:51:55,7.3,50,21550
20240103,10:55:46,7.2,100,21500
20240103,11:01:54,7.3,50,21500
20240103,11:04:11,7.4,50,21500
20240103,11:09:02,7.3,50,21500
20240103,11:12:35,7.4,50,21550
20240103,11:20:11,7.4,50,21550
20240103,11:25:10,7.4,50,21550
20240103,11:25:42,7.45,50,21550
20240103,11:30:11,7.3,50,21550
20240103,11:33:12,7.2,50,21550
20240103,11:39:08,7.3,50,21550
20240103,11:47:41,7.5,100,21600
20240103,11:52:30,7.25,100,21600
20240103,11:53:30,7.2,50,21600
20240103,11:54:03,7.25,100,21600
20240103,11:56:59,7.25,50,21700
20240103,11:58:31,7.25,50,21700
20240103,12:01:36,7.3,100,21700
20240103,12:03:48,7.3,100,21600
20240103,12:05:30,7.2,150,21600
20240103,12:14:48,7.05,50,21650
20240103,12:16:51,7.05,100,21650
20240103,12:19:59,7.0,50,21650
20240103,12:20:48,6.85,50,21650
20240103,12:23:28,6.8,100,21700
20240103,12:25:27,6.7,50,21650
20240103,12:26:04,6.7,50,21650
20240103,12:36:59,6.9,50,21650
20240103,13:14:20,6.8,150,21650
20240103,13:19:17,6.8,50,21500
20240103,13:20:43,6.8,50,21500
20240103,13:21:50,6.75,250,21500
20240103,13:27:22,6.8,500,21500
20240103,13:49:02,6.75,50,21000
20240103,13:52:46,6.8,150,21000
20240103,13:53:03,6.8,50,21000
20240103,14:04:29,6.85,400,20800
20240103,14:04:37,6.9,50,20800
20240103,14:11:05,6.95,100,20400
20240103,14:15:42,6.85,50,20400
20240103,14:18:31,6.75,50,20350
20240103,14:21:24,6.75,50,20350
20240103,14:24:37,6.75,100,20450
20240103,14:29:42,6.55,50,20450
20240103,14:35:45,6.55,50,20450
20240103,14:36:39,6.25,100,20450
20240103,14:37:33,6.25,100,20450
20240103,14:39:58,6.55,50,20350
20240103,14:45:12,6.35,50,20300
20240103,14:46:13,6.45,50,20250
20240103,14:47:55,6.45,50,20250
20240103,14:58:41,6.7,50,20150
20240103,14:58:49,6.6,150,20150
20240103,14:58:58,6.7,50,20150
20240103,14:59:32,6.65,50,20150
20240103,15:00:26,6.65,300,20150
20240103,15:00:55,6.6,50,19750
20240103,15:01:59,6.6,50,19750
20240103,15:05:11,6.6,100,19700
20240103,15:07:04,6.45,100,19600
20240103,15:07:49,6.4,150,19600
20240103,15:07:59,6.4,300,19600
20240103,15:08:10,6.55,500,19600
20240103,15:08:21,6.5,100,19600
20240103,15:08:32,6.5,500,19600
20240103,15:09:03,6.45,50,19600
20240103,15:09:42,6.45,200,18550
20240103,15:10:38,6.6,400,18550
20240103,15:10:47,6.6,100,18550
20240103,15:10:56,6.55,400,18550
20240103,15:13:19,6.55,50,18550
20240103,15:13:27,6.55,200,18050
20240103,15:13:36,6.6,250,18050
20240103,15:15:16,6.6,50,18050
20240103,15:17:45,6.55,50,17850
20240103,15:18:55,6.55,200,17850
20240103,15:19:04,6.55,400,17850
20240103,15:20:40,6.55,50,17850
20240103,15:25:29,6.7,150,17850
20240103,15:27:04,7.0,250,17850
20240103,15:27:13,7.05,150,17850
20240103,15:27:22,7.05,50,17850
20240103,15:27:31,7.1,150,17850
20240103,15:28:07,7.2,200,17700
20240104,09:23:17,7.25,1,17600
20240104,09:23:17,7.25,50,17600
20240104,09:24:53,7.25,50,17550
20240104,09:26:13,7.85,50,17550
20240104,09:32:23,7.85,50,17500
20240104,09:33:09,7.85,50,17500
20240104,09:34:59,8.05,100,17500
20240104,09:35:27,8.1,50,17500
20240104,09:38:03,8.2,50,17500
20240104,09:38:13,8.9,50,17500
20240104,09:39:47,8.9,50,17500
20240104,09:53:11,8.5,50,17550
20240104,09:55:11,8.35,50,17550
20240104,09:55:47,8.25,50,17550
20240104,09:56:31,8.1,100,17550
20240104,09:57:33,7.9,50,17550
20240104,10:01:37,7.4,300,17500
20240104,10:02:04,7.95,50,17500
20240104,10:10:05,8.0,50,17600
20240104,10:14:35,8.1,50,17600
20240104,10:15:28,8.1,50,17650
20240104,10:17:41,8.15,50,17650
20240104,10:18:36,8.05,50,17650
20240104,10:18:46,8.05,150,17650
20240104,10:20:12,8.1,50,17650
20240104,10:21:07,8.1,200,17850
20240104,10:24:17,8.1,50,17650
20240104,10:24:46,8.1,150,17650
20240104,10:24:55,8.1,100,17650
20240104,10:27:22,7.85,50,17950
20240104,10:34:43,7.9,50,17800
20240104,10:36:38,7.65,50,17850
20240104,10:39:18,7.7,50,17800
20240104,10:50:40,7.45,50,17800
20240104,11:00:34,7.35,50,17750
20240104,11:07:29,7.4,700,17750
20240104,11:12:01,7.7,50,17750
20240104,11:29:46,7.35,50,17750
20240104,11:31:16,7.45,50,17700
20240104,11:31:42,7.5,50,17700
20240104,11:55:11,7.8,50,17800
20240104,12:01:46,7.45,50,17850
20240104,12:04:39,7.6,50,17800
20240104,12:24:11,7.5,50,17750
20240104,12:27:21,7.45,150,17700
20240104,12:39:29,7.8,100,17550
20240104,13:15:39,8.1,200,17550
20240104,13:26:22,7.85,100,17600
20240104,13:26:30,7.85,150,17600
20240104,13:34:20,7.7,200,17850
20240104,13:41:16,7.6,50,17850
20240104,13:45:49,7.6,50,17900
20240104,13:48:38,7.95,250,17950
20240104,13:59:36,7.6,350,18000
20240104,13:59:46,7.6,300,18000
20240104,14:01:59,7.4,50,18050
20240104,14:02:58,7.4,100,18050
20240104,14:05:32,7.4,50,18150
20240104,14:09:19,7.5,150,18200
20240104,14:11:47,7.55,50,18200
20240104,14:18:50,7.55,50,18200
20240104,14:30:14,7.45,50,18200
20240104,14:31:36,7.5,50,18250
20240104,14:31:57,7.5,100,18250
20240104,14:33:53,7.45,150,18200
20240104,14:39:08,7.35,50,18150
20240104,14:45:35,7.25,50,18100
20240104,14:46:32,7.35,50,18100
20240104,14:46:50,7.35,50,18100
20240104,14:48:24,7.4,100,18050
20240104,14:48:32,7.45,50,18050
20240104,14:50:12,7.5,100,18050
20240104,14:51:34,7.45,50,18050
20240104,14:54:32,7.55,100,18000
20240104,14:55:46,7.65,50,18000
20240104,14:56:54,7.65,50,18000
20240104,14:57:13,7.65,50,18000
20240104,14:57:22,7.7,100,17850
20240104,15:02:42,7.3,250,17850
20240104,15:07:18,7.5,50,17750
20240104,15:08:51,7.2,750,17750
20240104,15:10:16,7.2,50,18300
20240104,15:10:43,7.5,50,18300
20240104,15:11:31,7.4,50,18300
20240104,15:12:12,7.4,50,18300
20240104,15:12:42,7.45,50,18400
20240104,15:12:51,7.35,50,18400
20240104,15:13:21,7.55,50,18400
20240104,15:14:03,7.5,50,18400
20240104,15:14:21,7.4,100,18400
20240104,15:14:31,7.45,250,18400
20240104,15:14:49,7.4,50,18400
20240104,15:15:25,7.4,50,18500
20240104,15:15:35,7.4,50,18500
20240104,15:15:56,7.25,150,18500
20240104,15:16:06,7.25,50,18500
20240104,15:16:24,7.4,50,18500
20240104,15:16:52,7.3,50,18500
20240104,15:17:30,7.35,50,18500
20240104,15:18:25,7.4,50,18450
20240104,15:19:37,7.35,50,18450
20240104,15:20:06,7.35,150,18450
20240104,15:20:28,7.2,100,18450
20240104,15:20:56,7.4,50,18450
20240104,15:21:05,7.25,50,18450
20240104,15:21:24,7.4,50,18400
20240104,15:21:53,7.45,50,18400
20240104,15:22:03,7.4,50,18400
20240104,15:22:13,7.2,100,18400
20240104,15:22:24,7.25,50,18400
20240104,15:22:34,7.25,50,18400
20240104,15:22:44,7.2,50,18400
20240104,15:23:03,7.25,50,18400
20240104,15:23:43,7.35,50,18400
20240104,15:24:26,7.5,50,18750
20240104,15:24:56,7.45,50,18750
20240104,15:25:59,7.4,150,18750
20240104,15:26:19,7.5,50,18750
20240104,15:26:40,7.6,50,18750
20240104,15:28:00,7.6,50,19000
20240104,15:28:11,7.75,150,19000
20240104,15:29:33,7.85,50,19000
20240104,15:29:56,7.75,50,19000
20240105,09:16:34,8.1,1,19100
20240105,09:16:34,8.1,50,19100
20240105,09:18:32,7.8,50,19050
20240105,09:18:58,7.7,50,19050
20240105,09:19:08,7.55,150,19050
20240105,09:20:14,7.55,50,19050
20240105,09:22:05,7.6,50,19200
20240105,09:23:15,7.5,100,19200
20240105,09:23:24,7.5,250,19250
20240105,09:24:29,7.4,250,19250
20240105,09:24:39,7.4,50,19250
20240105,09:28:04,7.4,450,19150
20240105,09:28:48,7.4,250,19150
20240105,09:29:05,7.4,200,19150
20240105,09:32:31,7.25,200,19900
20240105,09:33:15,7.15,300,19900
20240105,09:38:28,7.1,200,19900
20240105,09:39:43,7.1,50,19900
20240105,09:41:57,7.05,300,20150
20240105,09:42:57,6.9,950,20150
20240105,09:46:44,6.9,100,20100
20240105,09:50:27,6.9,250,20050
20240105,09:50:36,6.85,50,20050
20240105,09:59:39,6.8,150,20100
20240105,10:00:37,6.75,300,20100
20240105,10:02:51,6.75,50,19650
20240105,10:06:08,6.75,50,19600
20240105,10:07:24,6.65,300,19600
20240105,10:10:30,6.65,250,19350
20240105,10:11:29,6.6,50,19350
20240105,10:11:54,6.6,200,19150
20240105,10:13:05,6.6,100,19150
20240105,10:13:30,6.5,900,19150
20240105,10:14:58,6.5,550,18600
20240105,10:17:19,6.5,300,18600
20240105,10:18:19,6.5,1200,18300
20240105,10:21:03,6.55,300,19200
20240105,10:24:59,6.45,500,19500
20240105,10:27:30,6.45,100,19150
20240105,10:27:38,6.5,450,19150
20240105,10:30:54,6.4,200,18700
20240105,10:38:28,6.35,50,18850
20240105,10:39:22,6.35,50,18800
20240105,10:40:42,6.3,550,18800
20240105,10:42:05,6.25,50,18750
20240105,10:42:13,6.2,150,18750
20240105,10:42:22,6.2,250,18750
20240105,10:44:00,6.15,50,18750
20240105,10:44:10,6.15,100,18750
20240105,10:47:38,6.2,50,18650
20240105,10:47:48,6.15,50,18650
20240105,10:54:52,5.8,200,18650
20240105,10:59:24,5.75,100,18500
20240105,11:00:29,5.75,50,18400
20240105,11:00:39,5.85,50,18400
20240105,11:04:13,6.0,50,18450
20240105,11:05:25,6.05,50,18450
20240105,11:07:39,5.9,50,18450
20240105,11:08:21,5.9,250,18450
20240105,11:10:36,5.9,200,18600
20240105,11:10:45,5.85,150,18600
20240105,11:14:04,5.7,650,18750
20240105,11:20:26,5.65,50,19150
20240105,11:25:55,5.65,150,19150
20240105,11:35:11,5.5,50,19000
20240105,11:48:00,5.5,50,19000
20240105,11:57:05,5.6,50,19050
20240105,11:57:22,5.6,50,19050
20240105,12:06:00,5.6,50,19150
20240105,12:06:26,5.6,50,19150
20240105,12:10:26,5.6,50,19200
20240105,12:11:11,5.6,100,19200
20240105,12:59:56,5.5,50,19300
20240105,14:00:07,5.25,200,19250
20240105,14:13:04,5.1,50,19050
20240105,14:22:20,4.9,50,19000
20240105,14:22:30,4.9,50,19000
20240105,14:24:14,4.9,50,18900
20240105,14:24:43,4.85,50,18900
20240105,14:25:21,4.85,50,18900
20240105,14:26:27,4.85,50,18900
20240105,14:27:21,4.9,50,18700
20240105,14:29:30,4.9,50,18700
20240105,14:31:03,4.9,50,18650
20240105,14:37:35,5.1,100,18650
20240105,14:40:32,5.15,50,18700
20240105,14:41:07,5.15,100,18700
20240105,14:45:07,5.2,50,18850
20240105,14:46:02,5.2,100,18850
20240105,14:49:19,5.15,50,18900
20240105,14:50:32,5.1,200,18900
20240105,14:51:16,5.1,50,18950
20240105,14:51:38,5.05,50,18950
20240105,14:53:09,5.2,100,18950
20240105,14:55:18,5.2,200,18850
20240105,15:00:58,5.45,150,19000
20240105,15:02:32,5.3,200,19000
20240105,15:02:53,5.3,50,19000
20240105,15:05:52,5.15,50,19050
20240105,15:06:22,5.1,50,19100
20240105,15:10:05,4.95,300,19050
20240105,15:10:15,4.85,150,19050
20240105,15:10:24,4.9,150,19050
20240105,15:11:41,4.8,100,19050
20240105,15:11:50,4.8,150,19050
20240105,15:12:00,5.15,50,19050
20240105,15:12:39,5.2,300,19550
20240105,15:13:36,5.25,50,19550
20240105,15:15:01,5.1,50,19550
20240105,15:15:30,5.05,50,19450
20240105,15:17:57,4.75,350,19450
20240105,15:26:55,4.7,100,19400
20240105,15:27:41,4.7,500,19300
20240105,15:27:51,4.7,50,19300
20240105,15:29:38,4.95,100,19300
20240108,09:18:55,5.05,1,19050
20240108,09:18:55,5.05,200,19050
20240108,09:19:41,4.85,200,19050
20240108,09:23:56,5.0,50,19350
20240108,09:24:29,5.15,250,19350
20240108,09:24:58,5.15,150,19350
20240108,09:26:46,5.05,50,19550
20240108,09:28:58,5.0,200,19550
20240108,09:40:29,5.2,100,19550
20240108,09:43:30,5.2,250,19600
20240108,09:47:00,4.95,200,19500
20240108,09:55:22,4.75,200,19450
20240108,10:01:35,4.75,200,19400
20240108,10:04:40,5.2,500,19500
20240108,10:39:06,4.85,150,19300
20240108,10:41:44,4.9,50,19450
20240108,10:45:38,4.7,50,19450
20240108,10:56:23,4.7,50,19400
20240108,10:57:35,5.0,50,19350
20240108,10:58:22,4.95,50,19350
20240108,11:02:42,4.95,50,19400
20240108,11:05:58,4.95,150,19400
20240108,11:14:32,4.7,200,19250
20240108,11:19:25,4.65,50,19200
20240108,11:36:18,4.65,50,19200
20240108,11:46:20,4.7,50,19250
20240108,11:47:26,4.7,50,19250
20240108,11:55:13,4.65,200,19250
20240108,11:57:19,4.7,150,19450
20240108,11:57:29,4.75,50,19450
20240108,12:03:48,4.7,50,19300
20240108,12:05:07,4.7,250,19300
20240108,12:11:34,4.65,250,19200
20240108,12:11:59,4.65,100,19450
20240108,12:12:25,4.7,50,19450
20240108,12:12:54,4.7,100,19450
20240108,12:13:02,4.8,100,19450
20240108,12:27:14,4.55,100,19250
20240108,12:35:47,4.45,50,19150
20240108,12:36:38,4.45,50,19150
20240108,12:49:47,4.6,150,19150
20240108,13:23:46,4.6,50,19250
20240108,13:24:58,4.6,50,19200
20240108,13:30:00,4.65,50,19150
20240108,13:33:21,4.65,100,19100
20240108,13:35:32,4.65,400,19100
20240108,13:44:26,4.7,200,19450
20240108,13:48:28,4.65,50,19500
20240108,14:25:59,4.5,50,19450
20240108,14:30:06,4.6,100,19500
20240108,14:45:17,4.5,50,19600
20240108,14:45:48,4.5,50,19600
20240108,14:45:59,4.55,50,19600
20240108,14:46:29,4.5,50,19600
20240108,14:46:38,4.5,50,19600
20240108,14:46:58,4.45,200,19600
20240108,14:47:27,4.5,150,19600
20240108,14:47:37,4.5,50,19600
20240108,14:48:06,4.5,50,19600
20240108,14:48:25,4.5,50,19350
20240108,14:48:44,4.55,50,19350
20240108,14:49:32,4.5,50,19350
20240108,14:50:03,4.5,50,19350
20240108,14:50:14,4.45,50,19350
20240108,14:50:34,4.45,50,19350
20240108,14:51:04,4.4,50,19350
20240108,14:51:34,4.4,50,19050
20240108,14:52:31,4.4,150,19050
20240108,14:52:41,4.55,100,19050
20240108,14:53:11,4.6,2000,19050
20240108,14:53:21,4.5,50,19050
20240108,14:53:50,4.5,50,19050
20240108,14:54:49,4.5,300,20400
20240108,14:55:08,4.5,50,20400
20240108,14:55:27,4.5,50,20400
20240108,14:55:37,4.45,50,20400
20240108,14:56:16,4.45,50,20400
20240108,14:56:47,4.55,50,20400
20240108,14:57:16,4.5,50,20400
20240108,14:57:27,4.55,50,20700
20240108,14:57:46,4.55,150,20700
20240108,14:58:14,4.5,200,20700
20240108,14:58:23,4.5,50,20700
20240108,15:00:18,4.45,50,20450
20240108,15:01:55,4.55,650,20450
20240108,15:02:06,4.55,350,20450
20240108,15:02:16,4.55,450,20450
20240108,15:02:27,4.55,1200,20450
20240108,15:02:38,4.5,100,20450
20240108,15:02:49,4.5,50,20450
20240108,15:02:59,4.55,450,20450
20240108,15:03:09,4.55,50,20450
20240108,15:04:21,4.55,100,18400
20240108,15:04:32,4.55,100,18400
20240108,15:04:42,4.55,900,18400
20240108,15:04:53,4.55,150,18400
20240108,15:07:10,4.6,50,18000
20240108,15:07:21,4.65,50,18000
20240108,15:08:58,4.6,50,18000
20240108,15:09:08,4.6,300,18000
20240108,15:14:47,4.65,250,18100
20240108,15:15:39,4.6,50,18350
20240108,15:18:44,4.6,50,18350
20240108,15:19:47,4.6,100,18350
20240108,15:20:37,4.65,100,18350
20240108,15:20:47,4.6,50,18350
20240108,15:20:57,4.6,100,18350
20240108,15:22:26,4.5,250,18400
20240108,15:24:03,4.65,300,18400
20240108,15:25:49,4.55,50,18550
20240108,15:28:07,4.65,50,16850
20240108,15:29:34,4.65,50,16850
20240109,09:15:21,4.6,1,16600
20240109,09:15:21,4.65,1,16600
20240109,09:15:21,4.6,550,16600
20240109,09:17:33,4.35,100,16600
20240109,09:20:59,4.3,100,16700
20240109,09:25:46,4.3,100,16650
20240109,09:29:36,4.15,100,16600
20240109,09:39:16,4.15,350,16600
20240109,09:39:26,4.25,50,16600
20240109,09:42:04,4.15,300,16350
20240109,09:46:52,4.15,450,16100
20240109,09:52:03,4.05,150,15650
20240109,09:52:51,4.0,100,15650
20240109,09:53:12,4.0,200,15650
20240109,10:03:04,3.95,100,15400
20240109,10:05:34,3.95,50,15400
20240109,10:11:41,4.0,150,15350
20240109,10:15:47,4.15,250,15350
20240109,10:15:58,4.15,50,15350
20240109,10:18:23,4.0,50,15350
20240109,10:25:56,4.35,200,15350
20240109,10:43:21,4.45,300,15350
20240109,10:47:12,4.5,200,15350
20240109,10:50:34,4.6,150,15350
20240109,10:58:05,4.65,50,15350
20240109,10:58:16,4.75,200,15350
20240109,11:05:51,4.65,50,15350
20240109,11:09:53,4.55,400,15350
20240109,11:10:17,4.5,100,15350
20240109,11:10:28,4.5,250,15350
20240109,11:10:39,4.5,50,15350
20240109,11:16:02,4.55,50,15000
20240109,11:18:32,4.55,400,14950
20240109,11:21:01,4.5,300,15150
20240109,11:21:21,4.5,200,15150
20240109,11:30:55,4.45,150,14700
20240109,11:31:05,4.45,50,14700
20240109,11:32:35,4.45,50,14700
20240109,11:32:55,4.45,50,14700
20240109,11:33:33,4.45,50,14500
20240109,11:36:03,4.45,50,14500
20240109,11:42:10,4.5,50,14500
20240109,11:47:05,4.55,100,14500
20240109,11:47:57,4.5,100,14450
20240109,11:48:45,4.55,50,14450
20240109,11:49:46,4.6,50,14450
20240109,11:52:12,4.7,50,14550
20240109,11:53:45,4.7,50,14550
20240109,12:00:41,4.65,250,14550
20240109,12:31:39,4.65,300,14550
20240109,12:31:48,4.55,200,14550
20240109,12:32:54,4.6,50,14550
20240109,12:34:47,4.55,200,14550
20240109,12:36:08,4.5,100,14550
20240109,12:48:41,4.6,200,14450
20240109,12:58:32,4.7,50,14650
20240109,13:03:57,4.65,50,14650
20240109,13:06:06,4.7,50,14650
20240109,13:08:32,4.65,100,14700
20240109,13:10:09,4.6,50,14700
20240109,13:14:41,4.65,100,14700
20240109,13:18:18,4.75,450,14700
20240109,13:20:28,4.75,250,14700
20240109,13:24:39,4.75,250,14700
20240109,13:24:58,4.75,250,14700
20240109,13:32:59,4.75,250,14700
20240109,13:40:39,4.65,250,14700
20240109,13:44:15,4.65,250,14700
20240109,13:47:05,4.65,150,14700
20240109,13:54:32,4.7,50,14700
20240109,14:08:24,4.6,500,14750
20240109,14:10:37,4.55,200,14750
20240109,14:21:44,4.5,800,14750
20240109,14:23:46,4.45,150,14750
20240109,14:24:10,4.5,150,14750
20240109,14:30:37,4.5,50,14250
20240109,14:37:58,4.5,50,14250
20240109,14:38:09,4.5,50,14250
20240109,14:39:52,4.4,150,14250
20240109,14:46:09,4.45,100,14100
20240109,14:46:20,4.35,50,14100
20240109,14:46:32,4.35,50,14100
20240109,14:46:54,4.35,50,14100
20240109,14:47:05,4.35,50,14100
20240109,14:47:16,4.35,50,14100
20240109,14:47:27,4.4,50,14100
20240109,14:47:37,4.4,50,14100
20240109,14:55:39,4.45,50,14100
20240109,14:58:44,4.65,50,14100
20240109,15:00:38,4.6,50,14100
20240109,15:02:23,4.4,100,14100
20240109,15:06:13,4.4,350,14050
20240109,15:16:08,4.35,50,13750
20240109,15:22:19,4.45,200,13750
20240109,15:24:52,4.35,100,13900
20240109,15:26:39,4.35,50,13900
20240110,09:17:56,4.0,1,13950
20240110,09:17:56,4.0,50,13950
20240110,09:19:16,4.5,150,13950
20240110,09:21:01,4.5,50,14050
20240110,09:21:50,4.5,50,14050
20240110,09:22:10,4.5,100,14050
20240110,09:23:00,4.45,100,14050
20240110,09:58:39,4.55,50,14050
20240110,10:06:52,4.55,50,14050
20240110,10:09:02,4.55,50,14050
20240110,10:10:22,4.55,150,14050
20240110,10:16:18,4.55,250,14000
20240110,10:17:09,4.5,300,14000
20240110,10:53:28,4.25,100,13450
20240110,11:41:43,4.35,50,13400
20240110,11:59:03,4.35,50,13400
20240110,12:04:14,4.35,50,13400
20240110,12:09:05,4.5,200,13400
20240110,12:25:13,4.65,200,13600
20240110,12:32:51,4.9,550,13800
20240110,12:33:30,4.9,150,14150
20240110,12:45:43,4.65,100,14000
20240110,12:48:35,4.65,200,13950
20240110,12:48:46,4.65,200,13950
20240110,13:25:01,4.45,100,13950
20240110,13:28:01,4.45,100,13950
20240110,13:32:50,4.45,50,13850
20240110,13:33:28,4.4,50,13850
20240110,13:46:07,4.35,50,13800
20240110,13:46:27,4.35,50,13800
20240110,13:48:40,4.25,50,13800
20240110,14:23:37,4.3,200,13800
20240110,14:33:46,4.2,50,13600
20240110,15:02:43,4.1,150,13600
20240110,15:03:29,4.05,150,13600
20240110,15:06:11,4.0,250,13300
20240110,15:07:32,4.0,200,13050
20240110,15:16:45,4.15,50,12850
20240111,09:18:50,4.0,1,12850
20240111,09:18:50,4.0,100,12850
20240111,09:19:41,4.2,200,12850
20240111,09:19:51,4.2,100,12850
20240111,09:20:30,4.15,50,12850
20240111,09:20:39,4.2,50,12850
20240111,09:23:03,4.05,50,12850
20240111,09:26:50,4.15,100,12800
20240111,09:32:22,4.05,50,12800
20240111,09:40:15,3.95,900,12800
20240111,09:43:03,3.9,50,12800
20240111,09:43:33,3.9,100,12800
20240111,09:45:41,3.85,50,12750
20240111,09:45:51,3.85,100,12750
20240111,09:50:47,3.85,100,12750
20240111,09:56:14,3.85,250,12750
20240111,09:57:44,3.85,100,12500
20240111,09:58:32,3.85,100,12500
20240111,09:58:51,3.85,250,12500
20240111,09:59:01,3.85,200,12500
20240111,10:06:18,3.7,100,12050
20240111,10:06:46,3.7,100,12050
20240111,10:07:15,3.75,200,12050
20240111,10:15:56,3.8,100,12150
20240111,10:34:24,3.55,200,12150
20240111,10:34:44,3.55,200,12150
20240111,10:54:58,3.5,250,11950
20240111,10:55:11,3.5,200,11950
20240111,10:55:24,3.5,850,11950
20240111,10:56:26,3.5,200,11950
20240111,10:59:21,3.55,200,11350
20240111,11:00:18,3.5,200,11250
20240111,11:11:32,3.5,50,11150
20240111,11:17:09,3.5,150,11150
20240111,11:17:18,3.45,50,11150
20240111,11:17:37,3.45,300,11150
20240111,11:18:04,3.45,50,11350
20240111,11:18:22,3.55,200,11350
20240111,11:23:11,3.5,50,11100
20240111,11:31:46,3.55,50,11100
20240111,12:10:08,3.45,200,11100
20240111,12:13:31,3.4,100,11050
20240111,12:13:40,3.4,100,11050
20240111,12:29:32,3.4,200,11150
20240111,12:29:50,3.35,950,11150
20240111,12:29:58,3.3,200,11150
20240111,12:30:37,3.3,850,12000
20240111,12:39:26,3.3,50,12850
20240111,12:40:16,3.3,150,12850
20240111,12:50:04,3.25,100,13000
20240111,12:50:49,3.25,50,13000
20240111,12:57:53,3.15,100,13050
20240111,12:58:03,3.15,50,13050
20240111,13:01:05,3.1,150,13150
20240111,13:20:35,3.1,100,13300
20240111,13:22:39,3.05,50,13300
20240111,13:24:18,3.0,300,13350
20240111,13:25:34,3.0,50,13350
20240111,13:32:53,3.05,50,13550
20240111,13:38:04,3.0,50,13600
20240111,13:52:16,2.9,250,13650
20240111,14:03:42,2.85,50,13900
20240111,14:14:25,2.85,50,13900
20240111,14:14:38,2.85,50,13900
20240111,14:24:02,2.85,50,13800
20240111,14:24:56,2.9,100,13800
20240111,14:59:02,3.0,200,13900
20240111,15:11:00,3.0,50,13700
20240111,15:11:09,3.0,150,13700
20240111,15:11:29,3.0,150,13700
20240111,15:12:00,2.95,550,13700
20240111,15:13:29,2.95,50,13800
20240111,15:14:09,3.0,100,13800
20240111,15:14:32,3.05,100,13800
20240111,15:15:10,3.1,400,13800
20240111,15:15:39,3.05,100,13650
20240111,15:15:48,3.05,100,13650
20240111,15:16:36,3.05,200,13650
20240111,15:23:53,2.95,200,13850
20240111,15:25:42,2.9,200,14050
20240111,15:26:44,2.9,50,14050
20240111,15:26:53,2.85,250,14050
20240111,15:27:21,2.85,250,14050
20240111,15:27:49,2.85,250,14150
20240111,15:28:10,2.85,100,14150
20240111,15:28:21,2.85,250,14150
20240112,09:16:36,2.75,1,14050
20240112,09:16:36,2.7,150,14050
20240112,09:18:08,2.6,150,14200
20240112,09:21:33,3.1,900,14250
20240112,09:21:33,2.6,900,14250
20240112,09:21:44,2.9,600,14250
20240112,09:22:51,2.85,200,14250
20240112,09:23:15,2.85,400,14250
20240112,09:23:26,2.85,400,15350
20240112,09:23:49,2.8,500,15350
20240112,09:24:36,2.75,50,15350
20240112,09:25:41,2.75,150,15350
20240112,09:27:41,2.7,150,15600
20240112,09:28:06,2.7,200,15600
20240112,09:28:19,2.65,200,15600
20240112,09:29:40,2.6,200,16000
20240112,09:29:51,2.6,200,16000
20240112,09:30:02,2.6,50,16000
20240112,09:34:00,2.55,50,16150
20240112,09:34:12,2.55,100,16150
20240112,09:34:58,2.55,150,16150
20240112,09:35:31,2.55,600,16450
20240112,09:36:15,2.6,500,16450
20240112,09:37:27,2.55,50,16450
20240112,09:37:50,2.6,200,16450
20240112,09:41:41,2.55,50,16750
20240112,09:41:55,2.5,100,16750
20240112,09:45:33,2.5,200,16750
20240112,09:46:09,2.5,100,16750
20240112,09:46:32,2.45,50,16750
20240112,09:47:25,2.45,50,16750
20240112,09:56:07,2.55,50,16700
20240112,09:58:19,2.55,250,16750
20240112,10:00:11,2.55,250,16750
20240112,10:00:24,2.5,150,16750
20240112,10:07:17,2.2,2000,16800
20240112,10:07:30,2.65,600,16800
20240112,10:09:51,2.65,100,16850
20240112,10:10:05,2.65,100,16850
20240112,10:10:46,2.7,50,16850
20240112,10:13:16,2.5,50,16700
20240112,10:14:05,2.6,100,16700
20240112,10:16:26,2.65,100,16600
20240112,10:16:38,2.65,100,16600
20240112,10:16:50,2.65,50,16600
20240112,10:21:16,2.55,150,16450
20240112,10:23:58,2.6,450,16400
20240112,10:24:31,2.65,50,16400
20240112,10:25:22,2.6,100,16400
20240112,10:25:32,2.6,50,16400
20240112,10:26:18,2.7,50,16400
20240112,10:26:41,2.7,700,17000
20240112,10:27:05,2.7,50,17000
20240112,10:27:39,2.8,200,17000
20240112,10:27:52,2.8,250,17000
20240112,10:28:29,2.8,100,17000
20240112,10:28:42,2.8,100,17000
20240112,10:28:55,2.8,200,17000
20240112,10:29:07,2.75,50,17000
20240112,10:29:46,2.65,350,16500
20240112,10:29:58,2.65,50,16500
20240112,10:31:17,2.55,250,16500
20240112,10:31:28,2.55,50,16500
20240112,10:34:10,2.55,250,16800
20240112,10:35:23,2.6,50,16800
20240112,10:35:53,2.55,50,16550
20240112,10:36:55,2.6,50,16550
20240112,10:38:06,2.65,50,16550
20240112,10:44:31,2.7,50,16550
20240112,10:46:05,2.75,200,16550
20240112,10:48:36,2.8,200,16450
20240112,10:48:47,2.85,100,16450
20240112,10:48:59,2.9,250,16450
20240112,10:50:22,2.8,1050,16450
20240112,10:57:25,2.8,250,16250
20240112,10:57:46,2.8,350,16250
20240112,11:01:00,2.85,100,16350
20240112,11:01:41,2.8,200,16350
20240112,11:04:25,2.65,50,16600
20240112,11:05:09,2.7,450,16600
20240112,11:06:34,2.7,750,16550
20240112,11:08:17,2.55,100,16550
20240112,11:08:29,2.55,50,16550
20240112,11:08:51,2.6,150,16700
20240112,11:11:19,2.6,100,16700
20240112,11:16:47,2.7,200,16700
20240112,11:17:17,2.7,250,16700
20240112,11:22:03,2.75,50,16750
20240112,11:23:26,2.85,600,16750
20240112,11:26:41,2.75,150,16300
20240112,11:27:13,2.75,50,16350
20240112,11:29:24,2.8,50,16350
20240112,11:29:43,2.75,50,16350
20240112,11:30:03,2.85,50,16400
20240112,11:31:25,2.8,50,16400
20240112,11:32:21,2.8,50,16400
20240112,11:34:00,2.8,50,16550
20240112,11:34:38,2.85,50,16550
20240112,11:35:06,2.8,100,16550
20240112,11:36:01,2.85,50,16600
20240112,11:36:20,2.8,50,16600
20240112,11:39:09,2.9,50,16700
20240112,11:40:23,2.9,50,16700
20240112,11:41:17,2.85,50,16700
20240112,11:41:52,2.9,50,16700
20240112,11:43:26,2.95,50,16700
20240112,11:44:07,2.95,50,16700
20240112,11:46:15,2.9,50,16850
20240112,11:53:05,3.0,50,16900
20240112,11:54:22,3.0,200,16900
20240112,11:55:41,3.05,50,16900
20240112,11:55:55,3.0,50,16900
20240112,11:56:36,3.05,50,16900
20240112,11:56:44,3.0,50,16900
20240112,11:57:22,3.0,200,16850
20240112,11:57:30,2.95,50,16850
20240112,12:00:01,2.9,250,16950
20240112,12:01:45,2.95,50,16950
20240112,12:01:58,2.95,50,16950
20240112,12:02:23,2.95,50,16950
20240112,12:02:36,2.95,200,16950
20240112,12:03:23,2.95,200,17250
20240112,12:03:35,2.9,250,17250
20240112,12:03:47,2.9,500,17250
20240112,12:04:01,2.9,800,17250
20240112,12:04:37,2.95,250,17250
20240112,12:05:46,2.9,50,18750
20240112,12:06:19,2.9,250,18750
20240112,12:06:31,2.9,250,18750
20240112,12:07:08,2.9,500,18750
20240112,12:07:20,2.9,250,18750
20240112,12:08:17,2.9,300,18750
20240112,12:08:56,2.9,100,19900
20240112,12:11:44,2.8,1600,19900
20240112,12:11:55,2.8,350,19500
20240112,12:13:11,2.8,50,19500
20240112,12:13:46,2.8,250,19500
20240112,12:15:51,2.9,100,19400
20240112,12:15:59,2.95,250,19400
20240112,12:18:52,2.95,50,19050
20240112,12:31:06,2.9,50,19100
20240112,12:38:24,2.95,50,19050
20240112,12:39:37,2.85,350,19050
20240112,12:39:58,2.85,50,19050
20240112,12:40:41,2.85,50,19050
20240112,12:43:23,2.85,50,19050
20240112,12:48:39,2.75,100,19050
20240112,12:51:09,2.8,1000,18950
20240112,12:52:27,2.75,50,18950
20240112,12:56:03,2.75,50,18900
20240112,12:57:29,2.8,50,18850
20240112,12:57:59,2.85,100,18850
20240112,12:58:18,2.85,1050,18850
20240112,13:00:29,2.9,100,18850
20240112,13:02:39,2.95,250,18850
20240112,13:04:31,2.9,50,18850
20240112,13:16:00,3.0,250,18900
20240112,13:17:10,3.0,50,18900
20240112,13:17:27,2.95,100,18900
20240112,13:18:00,3.0,100,18900
20240112,13:19:53,3.0,50,18950
20240112,13:20:09,2.95,250,18950
20240112,13:20:41,2.95,50,18950
20240112,13:21:28,2.9,200,19050
20240112,13:23:08,2.9,50,19050
20240112,13:27:47,2.9,100,19250
20240112,13:28:08,2.9,300,19250
20240112,13:28:17,2.9,50,19250
20240112,13:30:23,2.85,250,19200
20240112,13:31:00,2.9,250,19200
20240112,13:34:37,2.9,250,19200
20240112,13:40:37,2.9,50,19200
20240112,13:41:34,2.9,50,19200
20240112,13:41:49,2.9,200,19200
20240112,13:44:20,2.85,450,19400
20240112,13:45:08,2.9,50,19400
20240112,13:46:56,2.9,50,19300
20240112,13:47:06,2.85,50,19300
20240112,13:48:59,2.95,100,19350
20240112,13:50:02,2.95,50,19350
20240112,13:51:25,2.95,50,19450
20240112,13:51:50,2.95,50,19450
20240112,13:52:49,3.0,50,19450
20240112,13:53:33,3.05,50,19450
20240112,13:53:56,3.1,50,19450
20240112,13:54:35,3.1,50,19600
20240112,13:55:11,3.2,50,19600
20240112,13:55:24,3.2,100,19600
20240112,13:55:37,3.15,50,19600
20240112,13:56:21,3.15,50,19600
20240112,13:56:42,3.1,50,19600
20240112,13:56:53,3.15,50,19600
20240112,13:57:03,3.2,50,19850
20240112,13:57:36,3.2,50,19850
20240112,13:58:36,3.15,50,19850
20240112,13:59:52,3.15,50,19850
20240112,14:00:16,3.1,50,20000
20240112,14:00:29,3.15,50,20000
20240112,14:00:56,3.1,150,20000
20240112,14:01:07,3.15,50,20000
20240112,14:01:17,3.1,100,20000
20240112,14:01:27,3.1,50,20000
20240112,14:01:57,3.1,50,20000
20240112,14:02:51,3.2,50,20000
20240112,14:03:20,3.15,300,20300
20240112,14:03:49,3.1,50,20300
20240112,14:04:08,3.05,100,20300
20240112,14:04:18,3.05,50,20300
20240112,14:04:38,3.0,50,20300
20240112,14:04:57,3.05,100,20300
20240112,14:05:36,3.05,50,20300
20240112,14:05:48,3.0,100,20300
20240112,14:06:10,2.95,100,20800
20240112,14:06:22,3.0,950,20800
20240112,14:06:43,2.95,100,20800
20240112,14:06:55,3.0,50,20800
20240112,14:07:06,3.0,50,20800
20240112,14:07:47,3.0,50,20800
20240112,14:08:07,2.95,50,20800
20240112,14:08:46,3.0,50,20800
20240112,14:09:17,3.0,50,21150
20240112,14:09:46,3.15,50,21150
20240112,14:09:56,3.05,50,21150
20240112,14:10:17,3.1,50,21150
20240112,14:10:27,3.1,300,21150
20240112,14:10:37,3.1,100,21150
20240112,14:11:46,3.15,50,21150
20240112,14:12:07,3.15,50,21400
20240112,14:12:18,3.1,50,21400
20240112,14:12:39,3.05,50,21400
20240112,14:12:58,3.1,50,21400
20240112,14:13:26,3.1,50,21400
20240112,14:14:30,3.05,50,21400
20240112,14:16:56,3.05,50,21650
20240112,14:19:59,3.1,50,21700
20240112,14:20:51,3.2,100,21700
20240112,14:22:19,3.25,50,21800
20240112,14:24:06,3.25,100,21800
20240112,14:24:24,3.2,150,21850
20240112,14:24:55,3.2,50,21850
20240112,14:25:05,3.2,50,21850
20240112,14:26:12,3.15,50,21850
20240112,14:28:12,3.1,50,21950
20240112,14:32:08,3.25,50,21900
20240112,14:32:51,3.25,50,21900
20240112,14:33:20,3.25,50,21800
20240112,14:33:30,3.25,50,21800
20240112,14:34:02,3.3,50,21800
20240112,14:34:12,3.3,100,21800
20240112,14:34:33,3.3,50,21800
20240112,14:35:01,3.3,50,21800
20240112,14:35:39,3.35,50,21800
20240112,14:36:09,3.4,100,21800
20240112,14:36:36,3.5,300,21750
20240112,14:36:50,3.6,50,21750
20240112,14:37:04,3.6,100,21750
20240112,14:37:18,3.65,350,21750
20240112,14:37:58,3.65,50,21750
20240112,14:38:11,3.7,50,21750
20240112,14:38:51,3.7,50,21750
20240112,14:39:18,3.7,50,21750
20240112,14:39:32,3.8,100,22000
20240112,14:40:00,3.8,150,22000
20240112,14:41:21,3.75,50,22000
20240112,14:41:48,3.65,50,22000
20240112,14:42:00,3.6,50,22000
20240112,14:42:13,3.6,100,21900
20240112,14:42:38,3.6,150,21900
20240112,14:43:03,3.6,150,21900
20240112,14:43:27,3.6,50,21900
20240112,14:43:52,3.6,50,21900
20240112,14:44:19,3.65,50,21900
20240112,14:44:32,3.65,50,21900
20240112,14:44:55,3.65,50,21900
20240112,14:45:18,3.65,50,21900
20240112,14:45:30,3.65,50,22450
20240112,14:45:42,3.65,150,22450
20240112,14:45:54,3.65,50,22450
20240112,14:46:05,3.65,50,22450
20240112,14:46:28,3.65,50,22450
20240112,14:46:40,3.65,50,22450
20240112,14:50:04,3.2,50,22700
20240112,14:50:31,3.2,50,22700
20240112,14:51:15,3.25,100,22600
20240112,14:54:12,3.3,50,22600
20240112,14:55:26,3.35,200,22500
20240112,14:56:54,3.4,200,22500
20240112,14:58:40,3.4,100,22300
20240112,14:59:02,3.4,100,22300
20240112,15:00:29,3.5,100,22200
20240112,15:01:28,3.55,50,22200
20240112,15:03:30,3.55,100,22200
20240112,15:04:40,3.7,150,22200
20240112,15:05:20,3.55,50,22200
20240112,15:05:34,3.45,150,22200
20240112,15:06:13,3.35,50,22200
20240112,15:08:34,3.3,50,22300
20240112,15:08:47,3.35,200,22300
20240112,15:09:13,3.15,150,22300
20240112,15:10:06,3.2,50,22100
20240112,15:10:19,3.2,50,22100
20240112,15:10:47,3.25,50,22100
20240112,15:10:59,3.25,50,22100
20240112,15:11:25,3.3,100,22100
20240112,15:12:05,3.3,50,22100
20240112,15:12:32,3.3,100,21950
20240112,15:12:58,3.25,500,21950
20240112,15:13:11,3.25,300,21950
20240112,15:21:15,3.25,50,21650
20240112,15:22:08,3.25,50,21650
20240112,15:22:49,3.2,600,21650
20240112,15:23:51,3.15,350,21650
20240112,15:24:41,3.25,50,22100
20240112,15:25:47,3.25,50,22100
20240112,15:26:00,3.2,150,22100
20240112,15:28:51,3.35,50,22100
20240112,15:29:04,3.3,50,22100
20240112,15:29:18,3.25,100,22100
20240112,15:29:32,3.2,100,22100
20240112,15:29:47,3.0,350,22100
20240112,15:30:00,2.95,50,22100
20240115,09:16:00,3.85,1,21900
20240115,09:16:00,3.8,250,21900
20240115,09:16:53,3.95,300,21900
20240115,09:17:05,3.75,50,21900
20240115,09:17:18,3.75,300,21900
20240115,09:17:41,3.7,50,22450
20240115,09:17:53,3.7,50,22450
20240115,09:18:06,3.7,50,22450
20240115,09:18:31,3.9,250,22450
20240115,09:18:44,3.95,50,22450
20240115,09:18:57,3.95,50,22450
20240115,09:19:10,4.0,150,22450
20240115,09:19:24,3.85,250,22450
20240115,09:19:38,3.9,150,22450
20240115,09:19:51,3.95,300,22450
20240115,09:20:05,3.95,100,22450
20240115,09:20:19,4.05,100,22450
20240115,09:20:32,4.1,650,23550
20240115,09:20:46,4.2,850,23550
20240115,09:21:00,4.35,850,23550
20240115,09:21:14,4.5,350,23550
20240115,09:21:28,4.55,250,23550
20240115,09:21:42,4.8,1450,23550
20240115,09:21:55,4.9,650,23550
20240115,09:22:10,4.75,750,23550
20240115,09:22:24,4.8,200,23550
20240115,09:22:39,4.8,150,23550
20240115,09:22:52,4.8,50,23550
20240115,09:23:06,4.75,50,23550
20240115,09:23:19,4.6,250,23550
20240115,09:23:34,4.6,50,23550
20240115,09:23:48,4.6,500,24900
20240115,09:24:01,4.65,200,24900
20240115,09:24:13,4.7,50,24900
20240115,09:24:26,4.8,50,24900
20240115,09:24:40,4.7,600,24900
20240115,09:24:53,4.7,50,24900
20240115,09:25:07,4.75,300,24900
20240115,09:25:20,4.75,50,24900
20240115,09:25:34,4.7,50,24900
20240115,09:25:47,4.7,100,24900
20240115,09:26:00,4.7,100,24900
20240115,09:26:12,4.6,100,24900
20240115,09:26:25,4.65,100,24900
20240115,09:26:39,4.65,50,25100
20240115,09:26:51,4.65,50,25100
20240115,09:27:04,4.65,50,25100
20240115,09:27:31,4.65,50,25100
20240115,09:27:44,4.65,100,25100
20240115,09:27:57,4.65,250,25100
20240115,09:28:11,4.7,50,25100
20240115,09:28:25,4.7,50,25100
20240115,09:28:39,4.7,100,25100
20240115,09:28:52,4.65,150,25100
20240115,09:29:19,4.65,50,25100
20240115,09:29:58,4.55,50,25550
20240115,09:30:12,4.45,650,25550
20240115,09:30:26,4.45,300,25550
20240115,09:30:40,4.55,200,25550
20240115,09:30:54,4.55,250,25550
20240115,09:32:30,4.4,50,25550
20240115,09:32:56,4.35,150,25650
20240115,09:34:45,4.4,50,25650
20240115,09:36:33,4.45,100,25750
20240115,09:38:05,4.45,50,25750
20240115,09:38:32,4.5,250,25750
20240115,09:40:08,4.55,50,26050
20240115,09:41:28,4.55,50,26050
20240115,09:41:42,4.55,150,25850
20240115,09:41:55,4.55,250,25850
20240115,09:45:59,4.4,250,26200
20240115,09:47:30,4.3,150,26200
20240115,09:48:49,4.35,50,26100
20240115,09:49:30,4.3,700,26100
20240115,09:50:23,4.25,100,26100
20240115,09:52:14,4.1,150,26750
20240115,09:52:42,4.05,50,26750
20240115,09:53:11,4.25,500,26750
20240115,09:53:40,4.15,100,27100
20240115,09:53:55,4.15,50,27100
20240115,09:54:09,4.15,250,27100
20240115,09:54:51,4.15,50,27100
20240115,09:56:16,4.1,450,27100
20240115,09:56:56,4.1,50,27550
20240115,09:58:03,4.0,600,27550
20240115,09:58:58,4.0,300,27550
20240115,10:02:19,3.8,50,27600
20240115,10:02:45,3.9,100,27600
20240115,10:03:13,3.9,150,27600
20240115,10:05:17,4.1,250,27600
20240115,10:07:07,4.15,200,27600
20240115,10:07:35,4.15,50,27600
20240115,10:09:09,4.1,50,27600
20240115,10:13:22,4.25,50,27650
20240115,10:13:36,4.2,100,27650
20240115,10:15:30,4.25,50,27650
20240115,10:16:08,4.2,400,27650
20240115,10:16:21,4.2,750,27650
20240115,10:18:47,4.1,550,28200
20240115,10:19:23,4.15,50,28200
20240115,10:19:48,4.1,200,28200
20240115,10:28:13,4.2,200,27500
20240115,10:29:08,4.25,1000,27500
20240115,10:29:21,4.2,50,27500
20240115,10:30:54,4.15,50,28700
20240115,10:31:33,4.15,1800,28700
20240115,10:33:20,4.15,50,28750
20240115,10:33:46,4.1,50,28750
20240115,10:34:38,4.05,50,28750
20240115,10:35:44,4.1,50,28600
20240115,10:39:34,4.1,800,28550
20240115,10:40:47,4.1,250,28550
20240115,10:41:56,4.1,100,29550
20240115,10:42:08,4.1,50,29550
20240115,10:42:20,4.05,50,29550
20240115,10:42:55,4.1,50,29550
20240115,10:46:30,4.1,50,29400
20240115,10:48:00,4.05,300,29400
20240115,10:48:12,4.05,50,29400
20240115,10:53:53,4.15,50,29150
20240115,10:54:24,4.15,50,29150
20240115,10:56:17,4.1,900,29150
20240115,10:57:09,4.1,50,29150
20240115,11:04:11,4.05,50,29150
20240115,11:05:46,4.1,500,29150
20240115,11:06:22,4.15,50,29150
20240115,11:06:47,4.1,250,29150
20240115,11:06:58,4.1,50,29150
20240115,11:10:19,4.1,50,29150
20240115,11:10:41,4.15,300,29150
20240115,11:12:58,4.15,100,29200
20240115,11:15:54,4.15,50,29250
20240115,11:23:36,4.1,50,29300
20240115,11:25:17,4.2,50,29300
20240115,11:30:07,4.15,1750,29350
20240115,11:35:30,4.05,2700,27800
20240115,11:37:19,4.1,400,27000
20240115,11:37:28,4.1,100,27000
20240115,11:37:48,4.15,50,27000
20240115,11:41:45,4.1,650,26550
20240115,11:43:37,4.1,50,25900
20240115,11:49:09,4.05,50,25900
20240115,11:49:35,4.1,500,25900
20240115,11:52:10,4.05,50,26400
20240115,11:55:12,4.05,50,26400
20240115,11:56:28,4.05,50,26400
20240115,11:59:11,4.05,100,26400
20240115,12:02:40,4.15,50,26450
20240115,12:09:46,4.15,200,26450
20240115,12:16:37,4.15,50,26450
20240115,12:16:51,4.15,50,26450
20240115,12:17:18,4.15,100,26450
20240115,12:19:02,4.15,200,26500
20240115,12:19:46,4.1,50,26500
20240115,12:20:12,4.1,1050,26500
20240115,12:25:18,4.0,100,25500
20240115,12:32:12,4.1,50,25450
20240115,12:37:09,4.05,150,25450
20240115,12:38:33,4.1,50,25450
20240115,12:48:51,4.15,1000,25400
20240115,12:54:10,4.1,50,25450
20240115,12:54:40,4.05,4000,25450
20240115,13:08:42,4.05,50,25450
20240115,13:13:16,4.1,50,25400
20240115,13:14:25,4.1,50,25400
20240115,13:16:08,4.1,50,25500
20240115,13:16:18,4.05,50,25500
20240115,13:16:28,4.05,50,25500
20240115,13:16:59,4.05,50,25500
20240115,13:18:06,4.05,50,25500
20240115,13:18:36,4.0,150,25650
20240115,13:18:53,4.1,50,25650
20240115,13:19:23,4.15,50,25650
20240115,13:19:35,4.05,50,25650
20240115,13:19:47,4.1,100,25650
20240115,13:20:00,4.1,50,25650
20240115,13:20:54,4.1,50,25650
20240115,13:22:47,4.15,100,25900
20240115,13:28:53,4.1,50,26000
20240115,13:30:17,4.1,50,26050
20240115,13:32:28,4.1,50,26050
20240115,13:34:12,4.1,50,26150
20240115,13:39:27,4.05,800,26150
20240115,13:39:45,4.05,50,26150
20240115,13:40:41,4.05,50,26150
20240115,13:41:20,4.0,100,26150
20240115,13:50:32,4.0,50,26300
20240115,13:56:31,4.2,50,26300
20240115,13:59:38,4.2,50,26350
20240115,14:04:44,4.05,100,26400
20240115,14:05:07,4.1,50,26400
20240115,14:06:42,4.05,100,26500
20240115,14:07:27,4.2,100,26500
20240115,14:08:20,4.25,50,26500
20240115,14:16:16,4.2,50,26550
20240115,14:20:53,4.25,50,26600
20240115,14:22:33,4.25,50,26600
20240115,14:27:16,4.3,50,26600
20240115,14:30:19,4.25,50,26600
20240115,14:30:51,4.25,50,26600
20240115,14:31:15,4.2,50,26600
20240115,14:47:22,4.5,50,26550
20240115,14:47:34,4.5,50,26550
20240115,14:48:07,4.5,50,26550
20240115,14:48:29,4.55,50,26700
20240115,14:48:51,4.55,50,26700
20240115,14:49:03,4.6,100,26700
20240115,14:49:15,4.6,50,26700
20240115,14:49:27,4.6,100,26700
20240115,14:49:38,4.6,50,26700
20240115,14:53:14,4.6,100,27000
20240115,14:54:49,4.6,50,27000
20240115,14:54:59,4.6,50,27000
20240115,14:55:10,4.55,50,27000
20240115,14:55:20,4.55,100,27000
20240115,14:57:31,4.65,200,27150
20240115,14:57:52,4.6,50,27150
20240115,14:58:02,4.6,50,27150
20240115,14:58:12,4.6,50,27150
20240115,14:58:33,4.6,50,27150
20240115,14:59:56,4.45,200,27150
20240115,15:00:27,4.6,50,27500
20240115,15:00:50,4.35,1500,27500
20240115,15:01:34,4.4,100,27500
20240115,15:01:45,4.45,50,27500
20240115,15:01:56,4.45,50,27500
20240115,15:03:20,4.45,150,26200
20240115,15:04:10,4.35,300,26200
20240115,15:07:51,4.5,50,25900
20240115,15:11:35,4.5,150,25900
20240115,15:14:44,4.5,100,25900
20240115,15:15:43,4.6,50,25850
20240115,15:15:56,4.55,150,25850
20240115,15:16:23,4.55,50,25850
20240115,15:16:35,4.5,50,25850
20240115,15:16:59,4.55,100,25850
20240115,15:17:23,4.55,50,25850
20240115,15:17:49,4.55,50,25850
20240115,15:18:02,4.6,50,25850
20240115,15:18:15,4.6,50,25850
20240115,15:18:27,4.6,50,26400
20240115,15:21:00,4.55,200,26400
20240115,15:21:12,4.55,50,26400
20240115,15:21:25,4.65,50,26450
20240115,15:21:38,4.65,50,26450
20240115,15:21:53,4.65,50,26450
20240115,15:22:08,4.6,100,26450
20240115,15:22:38,4.55,150,26450
20240115,15:25:08,4.55,200,26700
20240115,15:25:33,4.55,50,26700
20240115,15:25:49,4.5,50,26700
20240115,15:26:04,4.4,400,26700
20240115,15:26:20,4.45,50,26700
20240115,15:26:52,4.5,100,26700
20240115,15:27:43,4.5,50,26400
20240115,15:28:16,4.5,50,26400
20240115,15:28:32,4.55,250,26400
20240115,15:29:24,4.5,1000,26400
20240115,15:29:41,4.55,50,26400
20240115,15:30:00,4.75,50,26400
20240116,09:15:11,4.5,1,26350
20240116,09:15:11,4.75,400,26350
20240116,09:15:28,3.85,1100,26350
20240116,09:16:03,4.6,50,26350
20240116,09:16:19,4.55,250,26350
20240116,09:16:36,4.3,8900,26350
20240116,09:16:52,4.3,4850,26350
20240116,09:17:59,4.3,1750,34800
20240116,09:18:15,4.2,200,34800
20240116,09:18:30,4.3,50,34800
20240116,09:19:20,4.4,1550,34800
20240116,09:19:37,4.35,1050,34800
20240116,09:19:54,4.3,600,34800
20240116,09:20:10,4.3,100,34800
20240116,09:20:27,4.3,100,34800
20240116,09:20:43,4.3,900,35250
20240116,09:21:30,4.15,1050,35250
20240116,09:21:46,4.15,300,35250
20240116,09:22:02,4.05,100,35250
20240116,09:22:17,4.0,250,35250
20240116,09:22:35,3.95,300,35250
20240116,09:23:40,4.0,200,34500
20240116,09:23:55,4.0,50,34500
20240116,09:24:11,4.0,50,34500
20240116,09:24:26,4.0,200,34500
20240116,09:24:41,4.0,50,34500
20240116,09:25:42,3.95,100,34500
20240116,09:26:13,4.1,400,34500
20240116,09:26:29,4.2,2300,34500
20240116,09:26:44,4.25,200,34500
20240116,09:27:15,4.25,200,33400
20240116,09:28:20,4.2,250,33400
20240116,09:28:51,4.2,50,33400
20240116,09:29:38,4.15,50,33400
20240116,09:30:40,4.15,250,33400
20240116,09:30:55,4.15,50,33400
20240116,09:31:10,4.15,550,33400
20240116,09:31:41,4.2,50,33400
20240116,09:32:43,4.25,50,33400
20240116,09:32:58,4.25,400,33400
20240116,09:33:46,4.2,100,33400
20240116,09:34:03,4.2,100,33400
20240116,09:34:18,4.2,50,33400
20240116,09:34:49,4.25,1000,33400
20240116,09:36:21,4.3,50,33200
20240116,09:37:06,4.3,250,33200
20240116,09:38:07,4.3,50,33200
20240116,09:39:21,4.25,50,33250
20240116,09:39:36,4.3,50,33250
20240116,09:39:51,4.3,50,33250
20240116,09:40:22,4.25,50,33250
20240116,09:40:51,4.25,50,33250
20240116,09:41:20,4.2,200,33250
20240116,09:42:05,4.3,2200,32800
20240116,09:42:21,4.35,1200,32800
20240116,09:42:35,4.3,50,32800
20240116,09:43:21,4.3,300,32800
20240116,09:43:36,4.3,150,32800
20240116,09:44:08,4.3,1050,32800
20240116,09:44:55,4.25,200,31450
20240116,09:45:40,4.3,400,31450
20240116,09:45:55,4.3,50,31450
20240116,09:46:10,4.35,2550,31450
20240116,09:46:26,4.35,450,31450
20240116,09:46:42,4.35,50,31450
20240116,09:47:00,4.35,200,31450
20240116,09:47:17,4.35,150,31450
20240116,09:47:33,4.35,50,31450
20240116,09:48:06,4.35,50,28400
20240116,09:48:38,4.45,50,28400
20240116,09:52:13,4.5,150,28300
20240116,09:52:28,4.5,50,28300
20240116,09:52:44,4.5,50,28300
20240116,09:53:46,4.55,50,28300
20240116,09:54:18,4.65,250,28350
20240116,09:56:04,5.65,11400,28350
20240116,09:56:19,4.65,300,28350
20240116,09:56:49,4.75,100,39400
20240116,09:57:03,4.7,250,39400
20240116,09:57:17,4.7,450,39400
20240116,09:57:32,4.7,100,39400
20240116,09:57:47,4.7,300,39400
20240116,09:58:03,4.6,1800,39400
20240116,09:58:18,4.55,450,39400
20240116,09:59:37,4.5,50,39400
20240116,10:00:08,4.5,100,39550
20240116,10:00:56,4.45,350,39550
20240116,10:01:12,4.45,50,39550
20240116,10:01:45,4.35,50,39550
20240116,10:02:01,4.3,50,39550
20240116,10:02:16,4.35,450,39550
20240116,10:02:30,4.35,500,39550
20240116,10:02:45,4.35,500,39550
20240116,10:03:16,4.3,50,40100
20240116,10:03:48,4.4,100,40100
20240116,10:04:04,4.4,200,40100
20240116,10:05:22,4.4,50,40100
20240116,10:06:22,4.4,50,40050
20240116,10:08:53,4.5,50,40050
20240116,10:09:53,4.45,250,40050
20240116,10:11:37,4.45,50,40050
20240116,10:12:50,4.5,50,40050
20240116,10:13:35,4.45,2000,40050
20240116,10:14:04,4.4,2000,40050
20240116,10:15:04,4.45,50,40050
20240116,10:15:19,4.45,1000,40050
20240116,10:15:35,4.4,1000,40050
20240116,10:15:50,4.4,300,40050
20240116,10:16:04,4.4,450,40050
20240116,10:16:50,4.5,3200,40050
20240116,10:17:04,4.5,1200,40050
20240116,10:17:19,4.45,1000,40050
20240116,10:18:18,4.4,600,41050
20240116,10:18:33,4.4,50,41050
20240116,10:18:48,4.4,50,41050
20240116,10:19:33,4.5,3000,41050
20240116,10:20:00,4.4,300,41050
20240116,10:20:45,4.4,50,41200
20240116,10:24:54,4.3,50,41250
20240116,10:26:22,4.35,50,41250
20240116,10:26:36,4.35,50,41250
20240116,10:27:05,4.4,100,41250
20240116,10:28:19,4.35,50,41250
20240116,10:32:28,4.3,50,41250
20240116,10:32:56,4.25,150,41250
20240116,10:34:41,4.3,50,41250
20240116,10:36:17,4.35,150,41100
20240116,10:39:41,4.4,450,41100
20240116,10:41:00,4.4,50,41100
20240116,10:41:29,4.4,100,41100
20240116,10:44:10,4.45,50,41100
20240116,10:44:24,4.45,50,41100
20240116,10:46:05,4.4,250,41150
20240116,10:46:19,4.45,100,41150
20240116,10:47:45,4.45,50,41150
20240116,10:50:35,4.4,1300,40900
20240116,10:56:23,4.4,250,40900
20240116,11:00:37,4.45,100,40900
20240116,11:02:26,4.45,150,40900
20240116,11:03:07,4.45,250,41000
20240116,11:03:19,4.45,100,41000
20240116,11:07:52,4.4,550,41350
20240116,11:08:55,4.4,500,41350
20240116,11:09:31,4.4,250,41350
20240116,11:09:54,4.45,100,41350
20240116,11:10:06,4.5,850,41350
20240116,11:10:18,4.5,100,41350
20240116,11:11:00,4.5,50,41350
20240116,11:11:25,4.5,50,41350
20240116,11:11:50,4.55,250,41350
20240116,11:12:02,4.55,1000,41350
20240116,11:12:43,4.55,100,41350
20240116,11:12:56,4.5,50,41350
20240116,11:13:09,4.5,100,41350
20240116,11:13:21,4.5,50,41350
20240116,11:15:10,4.5,50,41450
20240116,11:20:18,4.5,50,41450
20240116,11:29:28,4.35,50,41500
20240116,11:30:13,4.35,100,41550
20240116,11:34:01,4.35,100,41650
20240116,11:34:14,4.35,50,41650
20240116,11:34:59,4.35,50,41650
