date,time,tick_price,volume,open_interest
20231227,10:56:13,332.75,500,500
20231227,11:01:38,334.2,50,500
20231227,11:02:12,335.05,850,500
20231227,11:03:55,334.0,50,1400
20231227,11:11:58,330.0,50,1450
20231227,13:32:55,330.0,50,1400
20231227,14:04:13,355.95,50,1450
20231227,14:24:07,317.2,50,1400
20231227,14:42:45,305.0,50,1400
20231227,14:51:43,305.0,50,1450
20231227,15:10:06,270.85,50,1450
20231227,15:10:15,264.55,750,1450
20231227,15:10:24,264.55,50,1450
20231227,15:10:42,267.3,500,1450
20231227,15:10:51,265.85,50,1450
20231227,15:11:26,269.5,100,1450
20231227,15:12:59,262.85,50,1650
20231227,15:13:09,260.85,250,1650
20231227,15:13:19,260.85,50,1650
20231227,15:13:58,267.05,50,1650
20231227,15:18:09,274.4,50,1900
20231227,15:18:32,271.35,200,1900
20231227,15:18:41,271.2,600,2150
20231227,15:18:50,271.0,50,2150
20231227,15:20:13,271.15,50,2150
20231227,15:21:09,271.85,150,2150
20231227,15:22:19,271.25,400,2500
20231227,15:22:27,272.2,400,2500
20231227,15:22:45,272.8,50,2500
20231227,15:29:33,270.85,150,3350
20231228,09:16:05,263.85,1,3500
20231228,09:16:05,266.45,250,3500
20231228,09:16:15,250.0,250,3500
20231228,09:17:33,249.2,100,3500
20231228,09:17:57,249.2,100,3500
20231228,09:18:06,252.3,500,4000
20231228,09:18:14,250.55,850,4000
20231228,09:18:55,252.0,50,4000
20231228,09:20:03,254.4,100,4000
20231228,09:20:20,251.8,50,4000
20231228,09:20:29,250.0,1000,4000
20231228,09:21:47,247.25,50,4100
20231228,09:22:17,245.0,600,4100
20231228,09:22:28,245.0,50,4100
20231228,09:22:39,244.5,600,4100
20231228,09:22:48,244.05,50,4100
20231228,09:22:58,244.05,600,4100
20231228,09:23:07,244.95,400,4100
20231228,09:23:31,248.0,100,4100
20231228,09:25:11,247.25,500,5850
20231228,09:25:20,248.15,100,5850
20231228,09:26:59,248.2,100,5850
20231228,09:27:09,248.3,50,6450
20231228,09:27:27,250.3,50,6450
20231228,09:27:37,246.7,100,6450
20231228,09:28:27,247.35,300,6450
20231228,09:29:13,252.5,200,6450
20231228,09:30:37,250.8,50,6600
20231228,09:30:46,251.7,50,6600
20231228,09:31:23,249.25,50,6600
20231228,09:31:50,250.9,200,6600
20231228,09:33:47,250.55,50,6600
20231228,09:33:55,250.8,150,6600
20231228,09:34:04,250.65,50,6600
20231228,09:34:13,251.2,150,6600
20231228,09:34:22,251.7,50,6600
20231228,09:34:33,257.95,600,6600
20231228,09:34:53,253.25,300,6600
20231228,09:35:03,251.4,500,6600
20231228,09:35:22,253.7,250,6600
20231228,09:35:31,251.2,100,6600
20231228,09:35:41,252.6,100,6600
20231228,09:36:28,254.35,50,7100
20231228,09:36:37,255.4,50,7100
20231228,09:36:46,255.0,350,7100
20231228,09:37:13,254.0,50,7100
20231228,09:38:53,254.5,50,7100
20231228,09:39:19,252.45,50,7350
20231228,09:39:29,252.3,50,7350
20231228,09:39:48,252.95,100,7350
20231228,09:39:57,252.3,50,7350
20231228,09:40:24,253.95,100,7350
20231228,09:40:42,255.95,50,7350
20231228,09:41:36,256.1,100,7350
20231228,09:41:45,256.0,50,7350
20231228,09:42:03,255.45,50,7700
20231228,09:43:08,249.75,200,7700
20231228,09:43:19,250.15,50,7700
20231228,09:43:30,249.8,50,7700
20231228,09:44:08,249.9,50,7700
20231228,09:44:53,250.55,50,7700
20231228,09:45:21,248.0,50,7900
20231228,09:46:52,251.45,100,7900
20231228,09:47:01,251.75,100,7900
20231228,09:47:10,251.4,50,7900
20231228,09:47:19,251.8,50,7900
20231228,09:47:20,251.4,50,7900
20231228,09:47:22,251.25,200,7900
20231228,09:47:25,248.25,50,7900
20231228,09:47:28,250.95,50,7900
20231228,09:47:29,251.0,500,7900
20231228,09:47:32,249.8,150,7900
20231228,09:47:33,249.8,50,7900
20231228,09:47:34,249.7,50,7900
20231228,09:47:42,244.25,150,7900
20231228,09:47:45,245.15,250,7900
20231228,09:47:47,245.0,150,7900
20231228,09:47:48,242.4,150,7900
20231228,09:47:52,244.25,200,7900
20231228,09:48:00,245.35,50,7900
20231228,09:48:03,245.3,100,8600
20231228,09:48:12,246.15,50,8600
20231228,09:48:31,245.45,850,8600
20231228,09:48:41,245.7,100,8600
20231228,09:48:50,245.2,650,8600
20231228,09:48:59,245.0,50,8600
20231228,09:49:09,246.55,300,8600
20231228,09:49:55,245.0,50,8600
20231228,09:50:04,245.35,100,8600
20231228,09:50:14,245.15,100,8600
20231228,09:51:00,244.65,200,8600
20231228,09:51:57,246.15,100,9800
20231228,09:52:44,244.85,350,9800
20231228,09:52:53,244.45,50,9800
20231228,09:53:02,246.45,100,9800
20231228,09:53:12,246.65,250,9800
20231228,09:53:21,245.95,50,9800
20231228,09:53:40,246.0,100,9800
20231228,09:53:49,246.0,150,9800
20231228,09:53:59,245.55,600,9800
20231228,09:54:35,246.4,150,11100
20231228,09:54:44,246.15,1050,11100
20231228,09:54:53,246.4,100,11100
20231228,09:55:02,245.85,600,11100
20231228,09:55:11,245.65,150,11100
20231228,09:56:29,250.5,100,11100
20231228,09:57:34,251.7,250,13250
20231228,10:00:05,250.8,100,13250
20231228,10:01:44,255.05,100,13100
20231228,10:02:20,254.6,100,13100
20231228,10:02:29,256.05,1100,13100
20231228,10:02:38,256.05,400,13100
20231228,10:03:03,256.05,400,13100
20231228,10:03:22,264.6,50,15000
20231228,10:03:35,268.65,1050,15000
20231228,10:04:16,268.65,50,15000
20231228,10:04:44,264.7,1000,15000
20231228,10:05:15,271.1,200,15000
20231228,10:05:52,271.25,750,15000
20231228,10:06:02,271.25,100,15000
20231228,10:06:12,271.55,600,17100
20231228,10:06:21,271.75,100,17100
20231228,10:06:30,271.75,200,17100
20231228,10:06:40,273.9,50,17100
20231228,10:06:51,273.9,900,17100
20231228,10:07:01,278.5,350,17100
20231228,10:07:12,279.95,100,17100
20231228,10:07:14,278.9,250,17100
20231228,10:07:17,279.35,100,17100
20231228,10:07:22,281.3,50,17100
20231228,10:07:23,281.3,100,17100
20231228,10:07:24,281.8,50,17100
20231228,10:07:26,281.9,50,17100
20231228,10:07:37,281.9,50,17100
20231228,10:07:55,275.5,50,17100
20231228,10:07:59,275.85,50,17100
20231228,10:08:07,269.65,100,17100
20231228,10:08:09,268.2,50,17100
20231228,10:08:10,269.95,100,17100
20231228,10:08:12,269.7,50,17100
20231228,10:08:25,271.45,650,17100
20231228,10:08:35,273.45,300,17100
20231228,10:08:54,270.6,300,17100
20231228,10:09:23,272.05,1200,19850
20231228,10:09:32,270.15,150,19850
20231228,10:09:42,271.85,450,19850
20231228,10:09:51,269.0,250,19850
20231228,10:10:01,267.65,200,19850
20231228,10:10:10,267.05,50,19850
20231228,10:10:18,261.65,50,19850
20231228,10:10:21,261.75,50,19850
20231228,10:10:22,255.9,150,19850
20231228,10:10:33,258.65,50,19850
20231228,10:10:35,259.35,100,19850
20231228,10:10:42,261.5,50,19850
20231228,10:10:47,262.25,50,19850
20231228,10:10:54,262.45,100,19850
20231228,10:11:09,271.1,900,19850
20231228,10:11:10,271.45,200,19850
20231228,10:11:11,272.0,250,19850
20231228,10:11:13,273.0,50,19850
20231228,10:11:24,272.7,100,19850
20231228,10:11:35,275.55,200,19850
20231228,10:11:44,274.75,200,19850
20231228,10:11:54,276.9,500,19850
20231228,10:12:03,280.35,50,19850
20231228,10:12:23,277.3,1500,20600
20231228,10:12:32,276.9,150,20600
20231228,10:12:41,275.8,450,20600
20231228,10:12:51,277.45,350,20600
20231228,10:13:00,277.55,50,20600
20231228,10:13:09,277.9,100,20600
20231228,10:13:44,278.45,50,20600
20231228,10:14:23,275.5,750,20600
20231228,10:16:05,274.45,200,22600
20231228,10:16:14,270.0,50,22600
20231228,10:17:11,272.9,50,22600
20231228,10:18:37,268.5,200,22700
20231228,10:22:10,277.5,500,22800
20231228,10:22:56,276.7,50,22800
20231228,10:23:14,275.0,50,22800
20231228,10:23:24,271.65,100,22800
20231228,10:23:33,272.95,50,22800
20231228,10:26:10,269.05,50,22850
20231228,10:29:18,268.25,400,22900
20231228,10:36:02,265.9,400,23300
20231228,10:37:39,271.4,400,23150
20231228,10:38:06,266.65,800,23150
20231228,10:38:24,266.85,750,23150
20231228,10:39:24,269.3,250,24300
20231228,10:41:23,268.4,50,24300
20231228,10:42:44,265.9,100,24300
20231228,10:43:40,268.4,50,24300
20231228,10:46:42,263.6,100,24450
20231228,10:50:03,262.9,400,24350
20231228,10:51:13,261.35,100,24350
20231228,10:51:44,261.15,700,24300
20231228,10:53:04,265.5,50,24300
20231228,10:55:55,272.4,50,25100
20231228,10:58:20,274.0,250,25100
20231228,11:08:01,261.1,100,25100
20231228,11:08:31,258.95,150,25100
20231228,11:08:41,253.65,200,25100
20231228,11:09:02,249.5,250,25100
20231228,11:09:14,241.35,200,25100
20231228,11:09:24,245.7,100,25200
20231228,11:10:14,247.9,50,25200
20231228,11:11:39,248.85,150,25200
20231228,11:13:29,248.15,50,25150
20231228,11:13:42,247.95,50,25150
20231228,11:13:43,247.9,50,25150
20231228,11:14:03,244.5,100,25150
20231228,11:14:04,245.35,450,25150
20231228,11:14:05,245.3,50,25150
20231228,11:15:05,251.15,100,25150
20231228,11:15:15,251.45,100,25150
20231228,11:15:34,253.85,100,25950
20231228,11:15:44,255.5,100,25950
20231228,11:16:04,250.1,150,25950
20231228,11:16:42,248.6,50,25950
20231228,11:17:48,253.9,400,25950
20231228,11:18:07,254.65,800,25950
20231228,11:18:34,253.25,100,27250
20231228,11:21:16,249.55,50,27350
20231228,11:24:22,253.05,50,27350
20231228,11:26:30,247.75,100,27350
20231228,11:27:51,246.65,250,27500
20231228,11:30:10,245.65,100,27500
20231228,11:31:26,243.15,400,27500
20231228,11:31:35,243.15,450,27500
20231228,11:32:19,243.15,400,27500
20231228,11:32:36,242.45,50,27500
20231228,11:32:45,242.95,100,27500
20231228,11:33:49,242.95,50,28350
20231228,11:36:38,239.15,150,28400
20231228,11:37:42,239.15,50,28400
20231228,11:38:17,243.0,100,28400
20231228,11:41:10,241.95,50,28500
20231228,11:44:12,243.7,600,28500
20231228,11:44:30,243.0,50,28500
20231228,11:45:03,243.8,250,28500
20231228,11:45:46,242.35,200,28400
20231228,11:46:55,243.7,50,28400
20231228,11:53:33,243.7,50,28300
20231228,11:55:53,244.55,150,28300
20231228,11:56:02,244.45,500,28300
20231228,11:56:11,242.95,100,28300
20231228,11:56:20,242.35,500,28300
20231228,12:00:10,240.75,100,28350
20231228,12:00:27,238.05,350,28350
20231228,12:01:59,238.05,200,28350
20231228,12:02:32,238.0,100,28350
20231228,12:05:05,235.55,250,28800
20231228,12:05:14,235.55,50,28800
20231228,12:05:32,236.2,50,28800
20231228,12:06:31,236.65,50,29050
20231228,12:08:44,235.95,600,29050
20231228,12:09:01,236.4,50,29050
20231228,12:09:09,237.2,100,29050
20231228,12:13:20,238.5,100,28350
20231228,12:13:52,239.4,100,28350
20231228,12:15:16,239.4,200,28350
20231228,12:15:49,239.4,200,28450
20231228,12:22:08,234.7,100,28650
20231228,12:23:34,232.5,100,28650
20231228,12:24:01,231.3,50,28650
20231228,12:24:12,230.0,150,28650
20231228,12:24:32,230.2,100,28800
20231228,12:24:50,229.1,100,28800
20231228,12:25:53,229.1,300,28800
20231228,12:27:53,228.65,850,28800
20231228,12:28:03,224.55,300,28800
20231228,12:28:13,223.95,650,28800
20231228,12:28:34,226.0,450,28800
20231228,12:28:43,226.0,450,28800
20231228,12:29:02,226.5,900,28800
20231228,12:29:12,227.0,200,28800
20231228,12:29:22,226.8,800,28800
20231228,12:29:32,225.9,650,28800
20231228,12:29:50,226.55,50,28800
20231228,12:30:00,227.2,500,28800
20231228,12:30:09,226.55,50,28800
20231228,12:30:19,227.5,50,28800
20231228,12:30:46,226.45,100,28300
20231228,12:31:21,227.2,600,28300
20231228,12:31:39,228.95,50,28300
20231228,12:31:48,228.0,500,28300
20231228,12:32:25,228.35,200,28300
20231228,12:32:52,228.1,50,28300
20231228,12:34:34,227.25,100,27750
20231228,12:34:52,227.25,100,27750
20231228,12:35:29,228.85,400,27750
20231228,12:35:40,228.85,100,27750
20231228,12:35:49,229.65,100,27750
20231228,12:36:07,229.5,150,27750
20231228,12:36:25,229.0,50,27750
20231228,12:36:52,227.75,100,28300
20231228,12:37:37,226.7,50,28300
20231228,12:40:58,228.2,50,28350
20231228,12:41:16,228.2,500,28350
20231228,12:41:33,229.2,100,28350
20231228,12:42:15,229.85,50,28350
20231228,12:43:12,229.05,50,28350
20231228,12:43:46,229.05,50,28350
20231228,12:44:28,228.75,50,28350
20231228,12:44:45,229.55,800,28350
20231228,12:44:54,229.05,50,28350
20231228,12:45:21,227.85,100,28350
20231228,12:45:48,227.25,50,28100
20231228,12:46:22,227.0,50,28100
20231228,12:46:49,225.0,100,28100
20231228,12:47:08,225.0,300,28100
20231228,12:48:01,224.8,100,28100
20231228,12:48:12,225.1,150,28100
20231228,12:48:21,225.05,100,28100
20231228,12:48:30,224.7,50,28750
20231228,12:48:38,225.05,150,28750
20231228,12:48:47,225.35,100,28750
20231228,12:49:04,225.75,50,28750
20231228,12:49:55,227.3,600,28750
20231228,12:50:00,227.05,600,28750
20231228,12:50:14,227.45,100,28750
20231228,12:50:30,229.65,500,28750
20231228,12:51:21,232.25,450,28750
20231228,12:51:30,232.45,350,28750
20231228,12:51:48,232.2,200,27900
20231228,12:52:07,231.0,350,27900
20231228,12:55:10,232.25,50,27900
20231228,12:56:02,229.45,50,27900
20231228,12:57:10,229.55,350,27900
20231228,12:57:19,229.25,150,27900
20231228,12:57:27,230.3,50,27900
20231228,12:57:36,229.25,50,28050
20231228,12:57:45,229.3,700,28050
20231228,12:58:11,229.65,50,28050
20231228,12:59:19,231.3,250,28050
20231228,12:59:46,232.65,50,28050
20231228,13:00:13,234.4,50,28050
20231228,13:00:23,234.5,1150,28050
20231228,13:00:32,233.1,300,28850
20231228,13:00:41,233.4,100,28850
20231228,13:01:25,230.4,350,28850
20231228,13:04:13,232.1,300,29500
20231228,13:05:36,230.65,1100,29500
20231228,13:05:53,231.15,300,29500
20231228,13:06:42,230.1,100,29750
20231228,13:06:58,230.2,50,29750
20231228,13:07:28,230.5,100,29750
20231228,13:07:36,230.45,50,29750
20231228,13:07:59,230.7,200,29750
20231228,13:08:24,229.25,100,29750
20231228,13:08:41,228.5,150,29750
20231228,13:08:50,228.55,50,29750
20231228,13:09:23,227.85,50,29750
20231228,13:09:42,226.1,100,30500
20231228,13:10:42,227.05,50,30500
20231228,13:12:10,227.9,150,30500
20231228,13:12:18,227.55,1150,30500
20231228,13:12:53,226.85,650,29650
20231228,13:13:02,226.85,100,29650
20231228,13:13:49,226.05,150,29650
20231228,13:14:17,225.5,50,29650
20231228,13:14:26,227.15,50,29650
20231228,13:15:10,227.0,50,29650
20231228,13:16:19,228.6,50,29300
20231228,13:16:54,229.2,350,29300
20231228,13:19:43,229.9,400,29300
20231228,13:21:27,231.65,100,29300
20231228,13:22:07,230.3,850,29150
20231228,13:22:55,231.2,50,29150
20231228,13:23:58,233.15,300,29150
20231228,13:24:33,232.25,50,29150
20231228,13:24:58,232.75,100,28400
20231228,13:27:29,236.55,400,28400
20231228,13:28:07,238.8,750,27950
20231228,13:28:18,239.45,50,27950
20231228,13:28:55,236.1,200,27950
20231228,13:29:13,235.0,50,27950
20231228,13:33:28,237.6,50,27450
20231228,13:33:38,237.65,100,27450
20231228,13:35:54,237.65,50,27450
20231228,13:38:03,236.4,100,27550
20231228,13:38:28,234.05,250,27550
20231228,13:39:35,232.15,50,27550
20231228,13:40:56,230.35,200,27650
20231228,13:41:28,229.6,900,27650
20231228,13:41:37,229.25,50,27650
20231228,13:41:45,228.8,600,27650
20231228,13:42:27,229.7,150,27650
20231228,13:42:52,230.25,100,28450
20231228,13:43:43,234.0,50,28450
20231228,13:44:00,233.9,150,28450
20231228,13:45:19,233.5,150,28450
20231228,13:45:53,233.9,200,28600
20231228,13:46:38,233.9,50,28600
20231228,13:47:48,234.6,350,28600
20231228,13:49:22,233.8,50,28900
20231228,13:51:02,232.6,100,28900
20231228,13:55:52,233.25,200,28850
20231228,13:59:10,236.35,350,28950
20231228,14:01:06,232.2,250,28950
20231228,14:04:12,225.0,150,29200
20231228,14:05:23,225.0,50,29200
20231228,14:06:30,227.45,50,29200
20231228,14:07:59,225.6,500,29200
20231228,14:12:23,230.85,350,29700
20231228,14:15:29,230.95,50,29700
20231228,14:15:38,230.9,200,29700
20231228,14:16:10,231.45,50,29750
20231228,14:16:26,231.5,150,29750
20231228,14:16:35,232.1,300,29750
20231228,14:18:00,231.9,100,29750
20231228,14:18:15,234.2,100,29750
20231228,14:18:33,234.6,150,29750
20231228,14:19:09,236.95,100,29800
20231228,14:20:56,235.1,50,29800
20231228,14:22:52,232.35,500,29750
20231228,14:26:14,232.65,50,30250
20231228,14:31:53,229.25,250,30300
20231228,14:33:00,230.3,150,30300
20231228,14:36:04,229.85,150,30500
20231228,14:36:53,228.55,100,30350
20231228,14:38:34,230.1,1550,30350
20231228,14:40:17,231.75,600,29000
20231228,14:40:26,232.3,350,29000
20231228,14:40:35,232.8,200,29000
20231228,14:41:34,231.8,300,29000
20231228,14:42:49,229.55,100,28550
20231228,14:42:58,230.7,100,28550
20231228,14:43:31,231.4,150,28550
20231228,14:44:05,232.85,50,28550
20231228,14:44:39,232.2,450,28550
20231228,14:45:04,232.0,50,28550
20231228,14:47:59,234.0,50,28950
20231228,14:48:26,234.9,800,28950
20231228,14:48:36,235.65,50,28950
20231228,14:48:46,237.6,300,28950
20231228,14:48:58,239.75,200,28850
20231228,14:49:19,237.65,700,28850
20231228,14:51:17,235.2,450,28850
20231228,14:51:26,234.6,350,28850
20231228,14:51:34,233.75,150,28850
20231228,14:51:43,233.8,100,28850
20231228,14:51:51,233.5,250,29300
20231228,14:51:59,233.55,150,29300
20231228,14:52:56,234.6,200,29300
20231228,14:53:14,233.95,50,29300
20231228,14:53:47,236.25,150,29300
20231228,14:55:21,231.3,400,29250
20231228,14:57:45,220.3,350,29250
20231228,14:58:57,223.3,350,29100
20231228,14:59:06,224.05,300,29100
20231228,14:59:57,224.05,100,29100
20231228,15:00:06,223.8,600,29100
20231228,15:00:15,220.15,300,29100
20231228,15:00:44,218.9,3600,29100
20231228,15:00:54,221.15,400,29100
20231228,15:01:50,226.8,550,29450
20231228,15:02:00,230.4,550,29450
20231228,15:02:20,225.4,200,29450
20231228,15:02:47,228.0,1350,29450
20231228,15:02:55,227.6,300,29450
20231228,15:03:13,226.0,200,29450
20231228,15:03:30,226.8,50,29450
20231228,15:03:38,226.0,100,29450
20231228,15:03:47,224.4,350,29450
20231228,15:04:32,223.1,100,28900
20231228,15:04:40,223.15,700,28900
20231228,15:04:58,222.1,50,28900
20231228,15:05:07,222.05,100,28900
20231228,15:05:27,223.2,700,28900
20231228,15:06:07,220.0,300,28900
20231228,15:06:39,223.15,200,28900
20231228,15:06:55,220.95,600,28700
20231228,15:06:58,220.8,700,28700
20231228,15:07:02,220.35,150,28700
20231228,15:07:04,221.25,450,28700
20231228,15:07:10,221.0,50,28700
20231228,15:07:21,220.5,200,28700
20231228,15:08:00,221.4,150,28700
20231228,15:09:09,219.9,350,28700
20231228,15:10:08,220.55,250,28050
20231228,15:10:37,221.65,100,28050
20231228,15:10:55,221.45,50,28050
20231228,15:11:12,220.2,250,28050
20231228,15:11:21,220.3,1000,28050
20231228,15:11:30,220.5,350,28050
20231228,15:11:39,220.0,250,28050
20231228,15:11:48,220.9,50,28050
20231228,15:11:57,220.75,550,28050
20231228,15:12:06,220.8,50,28050
20231228,15:12:15,221.0,450,28050
20231228,15:13:35,223.65,850,27500
20231228,15:14:10,222.0,200,27500
20231228,15:14:22,222.55,50,27500
20231228,15:14:50,220.85,50,27500
20231228,15:14:59,220.0,350,27500
20231228,15:15:08,220.0,250,27500
20231228,15:15:27,219.85,300,27500
20231228,15:15:55,219.2,600,28050
20231228,15:16:04,218.35,300,28050
20231228,15:16:13,218.35,100,28050
20231228,15:17:03,217.8,100,28050
20231228,15:17:13,217.55,150,28050
20231228,15:17:41,217.55,550,28050
20231228,15:17:51,220.8,100,28050
20231228,15:18:15,221.2,400,28050
20231228,15:18:16,221.4,400,28050
20231228,15:18:23,221.5,50,28050
20231228,15:18:27,221.85,50,28050
20231228,15:18:32,221.9,350,28050
20231228,15:18:40,221.55,400,28050
20231228,15:18:51,220.65,50,26800
20231228,15:19:17,219.0,50,26800
20231228,15:19:28,219.0,50,26800
20231228,15:19:36,218.35,50,26800
20231228,15:19:54,219.15,150,26800
20231228,15:20:04,219.4,100,26800
20231228,15:20:16,220.2,950,26800
20231228,15:20:26,220.45,1050,26800
20231228,15:20:37,220.5,100,26800
20231228,15:21:21,220.5,50,26800
20231228,15:21:33,219.65,100,26800
20231228,15:21:52,219.95,50,25900
20231228,15:22:02,220.35,50,25900
20231228,15:22:35,220.9,600,25900
20231228,15:22:46,221.0,50,25900
20231228,15:23:08,223.25,550,25900
20231228,15:23:20,224.0,150,25900
20231228,15:23:32,223.85,500,25900
20231228,15:23:43,225.7,50,25900
20231228,15:23:55,228.6,400,25900
20231228,15:24:06,229.0,1350,25900
20231228,15:24:17,232.8,2750,25900
20231228,15:24:28,234.65,600,25900
20231228,15:24:38,234.85,250,25900
20231228,15:24:50,233.4,2500,25900
20231228,15:25:01,230.85,2050,25200
20231228,15:25:12,229.6,100,25200
20231228,15:25:24,227.45,1850,25200
20231228,15:25:34,227.45,700,25200
20231228,15:25:44,226.2,50,25200
20231228,15:25:53,228.35,100,25200
20231228,15:26:02,226.55,200,25200
20231228,15:26:13,228.0,100,25200
20231228,15:26:23,228.5,50,25200
20231228,15:26:45,232.35,200,25200
20231228,15:27:04,230.7,2750,25200
20231228,15:27:15,232.25,1950,25200
20231228,15:27:27,232.35,650,25200
20231228,15:27:50,229.75,1900,25200
20231228,15:28:00,230.05,200,26550
20231228,15:28:10,233.5,200,26550
20231228,15:28:19,233.5,50,26550
20231228,15:28:29,235.0,1100,26550
20231228,15:28:39,232.9,1400,26550
20231228,15:28:48,232.35,350,26550
20231228,15:28:59,231.7,150,26550
20231228,15:29:08,234.1,1150,26550
20231228,15:29:18,234.95,200,26550
20231228,15:29:37,231.15,50,26550
20231228,15:29:46,233.75,50,26550
20231228,15:29:55,236.8,250,26550
20231228,15:30:02,234.9,150,26550
20231229,09:15:16,248.75,1,27550
20231229,09:15:16,248.9,1,27550
20231229,09:15:16,247.45,1,27550
20231229,09:15:16,247.5,1400,27550
20231229,09:15:20,251.1,2200,27550
20231229,09:15:27,256.0,750,27550
20231229,09:15:27,245.7,750,27550
20231229,09:15:31,249.95,50,27550
20231229,09:15:35,259.95,650,27550
20231229,09:15:38,253.35,350,27550
20231229,09:15:42,250.9,50,27550
20231229,09:15:53,254.25,400,27550
20231229,09:15:57,253.6,50,27550
20231229,09:16:01,255.45,650,27550
20231229,09:16:05,256.7,350,27550
20231229,09:16:08,256.0,550,27550
20231229,09:16:12,256.1,350,27550
20231229,09:16:16,255.7,50,27550
20231229,09:16:20,253.9,450,27550
20231229,09:16:24,253.0,200,27550
20231229,09:16:27,254.55,700,27550
20231229,09:16:31,256.2,350,27550
20231229,09:16:35,255.9,350,27550
20231229,09:16:46,259.2,150,27550
20231229,09:16:49,258.0,450,27550
20231229,09:16:53,256.25,50,27550
20231229,09:17:08,256.5,50,30250
20231229,09:17:15,258.4,100,30250
20231229,09:17:30,258.55,100,30250
20231229,09:17:34,258.65,50,30250
20231229,09:17:44,258.4,50,30250
20231229,09:17:57,260.0,100,30250
20231229,09:17:58,261.7,350,30250
20231229,09:18:00,261.7,200,30250
20231229,09:18:02,259.15,400,30250
20231229,09:18:05,260.2,350,30250
20231229,09:18:07,260.5,100,30250
20231229,09:18:17,260.3,600,30250
20231229,09:18:18,260.4,50,30250
20231229,09:18:20,259.3,200,30250
20231229,09:18:22,259.25,150,30250
20231229,09:18:23,259.4,400,30250
20231229,09:18:27,260.25,150,30250
20231229,09:18:28,260.25,100,30250
20231229,09:18:38,257.75,100,30250
20231229,09:18:45,257.05,450,30250
20231229,09:18:48,258.1,250,30250
20231229,09:19:02,260.15,50,30250
20231229,09:19:03,259.8,50,30250
20231229,09:19:05,259.95,50,30250
20231229,09:19:10,259.95,300,30250
20231229,09:19:12,259.95,350,30250
20231229,09:19:22,258.1,350,30250
20231229,09:19:28,258.55,100,30250
20231229,09:19:30,258.55,200,30250
20231229,09:19:53,257.45,150,30250
20231229,09:19:55,257.7,50,30250
20231229,09:20:08,257.7,50,29900
20231229,09:20:17,258.55,50,29900
20231229,09:20:25,252.95,150,29900
20231229,09:20:33,254.9,50,29900
20231229,09:20:38,254.5,50,29900
20231229,09:20:45,250.85,50,29900
20231229,09:20:48,250.4,200,29900
20231229,09:20:52,251.1,50,29900
20231229,09:20:58,254.65,50,29900
20231229,09:21:00,253.7,50,29900
20231229,09:21:05,251.65,100,29900
20231229,09:21:08,251.9,200,29900
20231229,09:21:13,254.8,50,29900
20231229,09:21:23,255.75,200,29900
20231229,09:21:38,255.7,1000,29900
20231229,09:21:40,255.7,500,29900
20231229,09:21:42,255.05,350,29900
20231229,09:21:43,256.35,1650,29900
20231229,09:21:45,257.2,50,29900
20231229,09:21:48,255.85,100,29900
20231229,09:21:53,257.3,50,29900
20231229,09:21:58,257.3,500,29900
20231229,09:22:00,255.0,50,29900
20231229,09:22:28,252.65,50,29900
20231229,09:22:37,252.3,100,29900
20231229,09:22:48,250.75,50,29900
20231229,09:22:57,250.5,200,29900
20231229,09:23:20,250.85,50,32600
20231229,09:23:53,245.6,150,32600
20231229,09:24:04,245.0,200,32600
20231229,09:24:09,244.5,100,32600
20231229,09:24:25,244.5,650,32600
20231229,09:24:39,248.75,50,32600
20231229,09:24:40,248.75,50,32600
20231229,09:24:55,249.2,600,32600
20231229,09:24:59,250.05,400,32600
20231229,09:25:14,248.9,350,32600
20231229,09:25:20,247.85,400,32600
20231229,09:25:34,246.95,450,32600
20231229,09:25:44,247.9,200,32600
20231229,09:26:53,246.55,50,32650
20231229,09:27:12,245.4,500,32650
20231229,09:27:27,245.8,50,32650
20231229,09:27:30,243.0,500,32650
20231229,09:27:32,242.0,1600,32650
20231229,09:27:57,242.0,1050,32650
20231229,09:28:02,245.4,50,32650
20231229,09:28:04,244.35,100,32650
20231229,09:28:20,244.5,250,32650
20231229,09:28:27,245.0,100,32650
20231229,09:28:52,244.5,50,32650
20231229,09:28:59,243.25,50,32650
20231229,09:29:00,242.9,50,32650
20231229,09:29:05,243.2,50,32650
20231229,09:29:12,243.7,50,31850
20231229,09:29:30,244.4,50,31850
20231229,09:29:42,243.15,100,31850
20231229,09:29:55,241.9,600,31850
20231229,09:29:59,241.9,50,31850
20231229,09:30:05,240.0,50,31850
20231229,09:30:19,240.0,400,31850
20231229,09:30:20,243.55,50,31850
20231229,09:30:42,241.85,50,31850
20231229,09:30:47,240.0,50,31850
20231229,09:30:59,239.85,150,31850
20231229,09:31:04,239.85,350,31850
20231229,09:31:24,238.5,150,31850
20231229,09:31:45,238.5,150,31850
20231229,09:31:57,240.75,50,31850
20231229,09:32:02,241.45,450,31850
20231229,09:32:39,240.2,100,32450
20231229,09:32:40,239.6,250,32450
20231229,09:32:47,238.0,100,32450
20231229,09:32:54,237.7,50,32450
20231229,09:32:56,236.3,100,32450
20231229,09:33:09,233.2,350,32450
20231229,09:33:16,233.2,200,32450
20231229,09:33:17,234.15,50,32450
20231229,09:33:19,234.3,150,32450
20231229,09:33:21,234.1,50,32450
20231229,09:33:31,234.75,100,32450
20231229,09:33:32,233.75,200,32450
20231229,09:33:36,232.8,800,32450
20231229,09:33:42,232.8,100,32450
20231229,09:33:49,232.15,600,32450
20231229,09:34:06,232.15,150,32450
20231229,09:34:07,232.5,50,32450
20231229,09:34:09,232.75,150,32450
20231229,09:34:34,231.05,500,32450
20231229,09:34:36,231.2,350,32450
20231229,09:34:37,230.8,100,32450
20231229,09:34:44,229.7,150,32450
20231229,09:34:46,229.7,200,32450
20231229,09:34:47,229.7,1750,32450
20231229,09:34:52,229.75,500,32450
20231229,09:34:54,230.0,1800,32450
20231229,09:34:59,230.25,100,32450
20231229,09:35:00,229.95,50,32450
20231229,09:35:02,230.1,300,32450
20231229,09:35:09,230.25,200,31650
20231229,09:35:11,230.0,50,31650
20231229,09:35:19,229.6,250,31650
20231229,09:35:22,230.0,100,31650
20231229,09:35:24,230.0,200,31650
20231229,09:35:47,230.85,100,31650
20231229,09:35:49,231.15,50,31650
20231229,09:36:01,233.15,700,31650
20231229,09:36:02,234.0,1550,31650
20231229,09:36:06,234.7,100,31650
20231229,09:36:09,234.4,50,31650
20231229,09:36:11,234.05,550,31650
20231229,09:36:21,234.05,50,31650
20231229,09:36:34,233.1,50,31650
20231229,09:36:39,233.2,100,31650
20231229,09:36:46,233.9,50,31650
20231229,09:36:49,234.55,100,31650
20231229,09:37:21,232.95,300,31650
20231229,09:37:57,236.5,100,31650
20231229,09:37:59,236.2,150,31650
20231229,09:38:04,236.75,100,31650
20231229,09:38:06,236.75,150,31650
20231229,09:38:27,239.25,700,32750
20231229,09:38:42,238.3,300,32750
20231229,09:39:58,239.85,50,32750
20231229,09:40:01,240.3,500,32750
20231229,09:40:03,239.9,50,32750
20231229,09:40:24,242.7,50,32750
20231229,09:40:53,244.2,500,32750
20231229,09:41:08,240.7,50,32750
20231229,09:41:53,244.55,50,33400
20231229,09:41:58,244.1,100,33400
20231229,09:42:00,243.65,50,33400
20231229,09:42:03,245.75,50,33400
20231229,09:42:13,246.7,50,33400
20231229,09:42:16,245.75,1050,33400
20231229,09:42:30,245.25,1000,33400
20231229,09:42:33,243.5,300,33400
20231229,09:42:40,244.7,1000,33400
20231229,09:42:58,241.6,350,33400
20231229,09:43:19,241.4,50,33400
20231229,09:44:08,245.1,50,33400
20231229,09:44:48,244.0,50,30950
20231229,09:45:18,245.25,100,30950
20231229,09:45:35,244.6,1800,30950
20231229,09:45:56,246.25,50,30950
20231229,09:46:04,248.3,50,30950
20231229,09:46:38,247.9,200,30950
20231229,09:46:40,248.5,50,30950
20231229,09:46:56,248.05,50,30950
20231229,09:47:18,247.25,50,31650
20231229,09:47:31,247.3,200,31650
20231229,09:47:34,244.95,100,31650
20231229,09:48:16,242.8,150,31650
20231229,09:48:34,244.1,100,31650
20231229,09:48:44,244.8,50,31650
20231229,09:48:58,244.05,100,31650
20231229,09:49:24,243.3,100,31650
20231229,09:49:41,245.1,450,31650
20231229,09:50:03,246.35,50,31650
20231229,09:50:16,246.25,550,31650
20231229,09:50:18,246.3,50,31650
20231229,09:50:34,244.05,50,31650
20231229,09:50:41,245.55,50,31650
20231229,09:51:16,248.55,50,31650
20231229,09:51:24,247.0,150,31650
20231229,09:51:33,246.55,50,31650
20231229,09:51:36,245.6,50,31650
20231229,09:51:51,242.9,150,31650
20231229,09:52:13,245.05,650,31650
20231229,09:52:21,245.05,550,31650
20231229,09:52:49,247.15,50,31650
20231229,09:53:08,250.75,300,31650
20231229,09:53:15,250.1,50,30750
20231229,09:53:16,247.3,50,30750
20231229,09:53:30,245.5,50,30750
20231229,09:53:50,245.5,50,30750
20231229,09:53:55,244.95,50,30750
20231229,09:54:26,245.2,100,30750
20231229,09:54:28,245.1,50,30750
20231229,09:54:31,243.4,300,30750
20231229,09:54:36,242.95,300,30750
20231229,09:54:40,242.6,100,30750
20231229,09:54:41,242.0,150,30750
20231229,09:55:03,245.1,50,30750
20231229,09:55:05,245.7,50,30750
20231229,09:55:20,247.65,50,30750
20231229,09:55:58,249.3,900,30750
20231229,09:56:13,246.75,300,30750
20231229,09:56:22,248.05,50,29750
20231229,09:56:23,247.5,250,29750
20231229,09:56:27,247.45,100,29750
20231229,09:58:11,252.35,50,29750
20231229,09:58:17,254.1,50,29750
20231229,09:58:22,253.85,50,29750
20231229,09:58:27,253.6,500,29750
20231229,09:59:09,255.1,400,29750
20231229,09:59:22,255.0,200,29500
20231229,09:59:29,253.0,850,29500
20231229,09:59:32,253.2,100,29500
20231229,09:59:44,254.1,50,29500
20231229,09:59:52,256.85,50,29500
20231229,09:59:57,256.75,50,29500
20231229,09:59:59,256.95,300,29500
20231229,10:00:07,256.1,150,29500
20231229,10:00:12,253.95,400,29500
20231229,10:00:22,254.9,50,29500
20231229,10:00:25,253.65,50,29500
20231229,10:00:29,254.85,50,29500
20231229,10:00:30,254.25,50,29500
20231229,10:00:42,252.0,50,29500
20231229,10:00:49,252.0,50,29500
20231229,10:01:57,249.8,50,29500
20231229,10:02:06,249.6,50,29500
20231229,10:02:54,248.4,300,29250
20231229,10:03:21,244.8,250,29250
20231229,10:03:24,245.2,100,29250
20231229,10:03:49,242.1,50,29250
20231229,10:03:56,243.75,50,29250
20231229,10:04:09,246.0,200,29250
20231229,10:04:17,245.0,50,29250
20231229,10:04:19,244.85,50,29250
20231229,10:04:32,246.3,200,29250
20231229,10:04:47,246.8,50,29250
20231229,10:04:58,248.55,150,29250
20231229,10:05:46,247.75,50,28650
20231229,10:07:38,255.0,50,28650
20231229,10:07:44,255.9,350,28650
20231229,10:07:46,257.0,50,28650
20231229,10:07:56,259.7,100,28650
20231229,10:08:01,262.2,300,28650
20231229,10:08:13,262.05,50,28650
20231229,10:08:38,264.2,50,28650
20231229,10:08:43,265.8,550,28350
20231229,10:08:55,265.75,50,28350
20231229,10:08:56,264.4,100,28350
20231229,10:08:58,265.05,50,28350
20231229,10:09:03,265.45,50,28350
20231229,10:09:16,263.2,100,28350
20231229,10:09:18,263.5,50,28350
20231229,10:09:21,263.45,100,28350
20231229,10:09:23,263.2,250,28350
20231229,10:09:43,264.5,300,28350
20231229,10:09:48,262.95,50,28350
20231229,10:09:53,263.25,600,28350
20231229,10:09:56,263.95,200,28350
20231229,10:10:08,266.8,50,28350
20231229,10:10:11,268.25,100,28350
20231229,10:10:14,268.65,50,28350
20231229,10:10:16,270.0,50,28350
20231229,10:10:21,270.0,50,28350
20231229,10:10:23,267.75,150,28350
20231229,10:10:31,268.55,50,28350
20231229,10:10:36,267.0,50,28350
20231229,10:10:38,265.35,100,28350
20231229,10:10:51,267.65,50,28350
20231229,10:10:58,266.15,1050,28350
20231229,10:11:01,264.55,50,28350
20231229,10:11:16,270.75,50,27700
20231229,10:11:38,270.75,400,27700
20231229,10:11:49,268.6,50,27700
20231229,10:11:51,268.1,250,27700
20231229,10:12:19,270.05,150,27700
20231229,10:12:21,269.6,400,27700
20231229,10:12:50,269.0,300,27700
20231229,10:13:01,270.3,400,27700
20231229,10:13:08,268.8,350,27700
20231229,10:13:09,270.0,500,27700
20231229,10:13:34,271.2,50,27700
20231229,10:13:41,271.2,100,27700
20231229,10:13:43,270.8,350,27700
20231229,10:13:44,270.55,50,27700
20231229,10:14:03,268.8,100,27700
20231229,10:14:06,268.4,400,27700
20231229,10:14:16,269.0,150,26700
20231229,10:14:24,269.35,50,26700
20231229,10:14:29,271.15,100,26700
20231229,10:14:34,272.8,300,26700
20231229,10:14:36,275.0,50,26700
20231229,10:14:38,276.5,700,26700
20231229,10:14:46,279.25,150,26700
20231229,10:14:48,280.0,250,26700
20231229,10:14:49,280.95,150,26700
20231229,10:14:51,280.9,250,26700
20231229,10:14:56,281.9,100,26700
20231229,10:14:59,281.4,100,26700
20231229,10:15:03,283.05,700,26700
20231229,10:15:08,283.05,50,26700
20231229,10:15:09,281.2,100,26700
20231229,10:15:14,281.1,200,26700
20231229,10:15:18,279.35,100,26700
20231229,10:15:33,277.0,50,26700
20231229,10:15:38,276.0,50,26700
20231229,10:15:43,277.3,50,26700
20231229,10:15:51,275.9,700,26700
20231229,10:16:03,276.85,50,26700
20231229,10:16:06,279.65,100,26700
20231229,10:16:08,280.0,100,26700
20231229,10:16:14,280.85,150,26700
20231229,10:16:18,278.5,50,26700
20231229,10:16:19,278.8,50,26700
20231229,10:16:24,277.95,50,26700
20231229,10:16:34,276.45,100,26700
20231229,10:16:36,276.4,50,26700
20231229,10:17:03,277.1,200,26700
20231229,10:17:18,275.75,50,26700
20231229,10:17:21,276.0,250,26700
20231229,10:17:23,276.0,50,26700
20231229,10:17:26,275.1,50,26700
20231229,10:17:31,275.1,250,26700
20231229,10:18:03,272.15,150,26700
20231229,10:18:10,268.85,50,26700
20231229,10:18:13,269.0,250,26700
20231229,10:18:20,272.0,100,26700
20231229,10:19:23,268.0,250,26700
20231229,10:19:28,267.4,50,26700
20231229,10:19:52,267.4,50,26700
20231229,10:20:07,264.2,150,26700
20231229,10:20:12,265.0,50,26700
20231229,10:20:15,264.2,250,26050
20231229,10:20:23,268.4,150,26050
20231229,10:20:25,268.65,100,26050
20231229,10:20:47,270.75,50,26050
20231229,10:21:07,269.2,50,26050
20231229,10:21:35,263.9,150,26050
20231229,10:21:37,262.8,50,26050
20231229,10:21:40,262.15,50,26050
20231229,10:21:42,260.2,100,26050
20231229,10:21:57,261.2,350,26050
20231229,10:22:08,257.85,800,26050
20231229,10:22:20,259.35,50,26050
20231229,10:22:37,261.7,50,26050
20231229,10:22:52,264.1,50,26050
20231229,10:22:57,262.75,100,26050
20231229,10:23:23,262.3,100,25700
20231229,10:23:27,260.3,50,25700
20231229,10:23:32,258.7,250,25700
20231229,10:23:38,259.4,50,25700
20231229,10:23:42,260.9,50,25700
20231229,10:24:02,257.8,50,25700
20231229,10:24:14,252.55,100,25700
20231229,10:24:15,252.1,50,25700
20231229,10:24:19,255.0,100,25700
20231229,10:24:25,257.4,100,25700
20231229,10:24:27,257.5,50,25700
20231229,10:25:19,257.3,50,25700
20231229,10:25:34,255.0,50,25700
20231229,10:25:44,254.05,50,25700
20231229,10:25:50,253.0,200,25700
20231229,10:25:55,253.95,50,25700
20231229,10:25:57,255.35,50,25700
20231229,10:26:14,253.55,50,25700
20231229,10:27:08,256.8,50,25600
20231229,10:27:27,254.8,150,25600
20231229,10:27:30,254.8,100,25600
20231229,10:27:32,255.05,50,25600
20231229,10:27:37,254.15,350,25600
20231229,10:27:43,254.1,150,25600
20231229,10:28:09,255.55,50,25600
20231229,10:28:37,255.45,50,25600
20231229,10:29:30,257.55,200,26300
20231229,10:30:09,255.4,50,26300
20231229,10:30:22,250.0,50,26300
20231229,10:30:24,250.35,50,26300
20231229,10:30:34,252.5,100,26300
20231229,10:30:44,254.55,100,26300
20231229,10:30:53,252.95,50,26300
20231229,10:31:11,250.5,50,26300
20231229,10:31:13,250.55,50,26300
20231229,10:31:21,249.85,50,26300
20231229,10:31:39,249.85,100,26300
20231229,10:31:44,248.6,100,26300
20231229,10:31:56,251.75,50,26300
20231229,10:32:02,250.3,50,26300
20231229,10:32:21,247.0,200,26550
20231229,10:32:31,244.5,50,26550
20231229,10:32:32,243.6,350,26550
20231229,10:32:36,245.15,700,26550
20231229,10:32:41,244.8,200,26550
20231229,10:32:46,247.0,100,26550
20231229,10:33:01,247.9,100,26550
20231229,10:33:21,245.25,50,26550
20231229,10:33:26,246.05,50,26550
20231229,10:33:33,245.7,100,26550
20231229,10:33:41,244.1,50,26550
20231229,10:33:43,244.25,50,26550
20231229,10:34:02,244.1,300,26550
20231229,10:34:12,244.15,50,26550
20231229,10:36:13,247.95,50,26400
20231229,10:36:31,247.15,100,26400
20231229,10:36:33,245.7,350,26400
20231229,10:36:54,241.7,200,26400
20231229,10:36:56,241.8,100,26400
20231229,10:37:03,241.5,200,26400
20231229,10:37:04,240.25,50,26400
20231229,10:37:06,240.0,950,26400
20231229,10:37:41,243.0,100,26400
20231229,10:38:25,243.9,50,26350
20231229,10:38:36,245.05,300,26350
20231229,10:38:45,245.9,100,26350
20231229,10:38:50,245.0,50,26350
20231229,10:39:33,243.75,400,26350
20231229,10:39:48,241.2,50,26350
20231229,10:39:53,242.9,300,26350
20231229,10:40:01,243.4,50,26350
20231229,10:41:08,246.4,100,26350
20231229,10:41:11,245.5,50,26350
20231229,10:41:20,246.5,50,26550
20231229,10:41:21,245.7,900,26550
20231229,10:41:37,244.8,100,26550
20231229,10:42:02,245.0,50,26550
20231229,10:42:10,243.2,50,26550
20231229,10:42:15,244.15,50,26550
20231229,10:43:12,243.45,50,26550
20231229,10:43:27,243.8,50,26550
20231229,10:43:38,244.25,50,26550
20231229,10:44:07,243.7,50,26550
20231229,10:45:35,244.4,650,27350
20231229,10:45:43,243.7,50,27350
20231229,10:45:52,243.7,50,27350
20231229,10:45:53,243.25,50,27350
20231229,10:46:39,238.0,750,27350
20231229,10:46:45,235.85,50,27350
20231229,10:46:49,235.4,300,27350
20231229,10:47:07,239.35,450,27350
20231229,10:47:25,236.7,100,27750
20231229,10:47:27,236.0,50,27750
20231229,10:47:40,239.85,100,27750
20231229,10:48:02,239.75,50,27750
20231229,10:49:03,242.45,350,27750
20231229,10:49:05,243.0,300,27750
20231229,10:49:07,243.2,350,27750
20231229,10:49:15,246.0,1100,27750
20231229,10:49:17,247.5,50,27750
20231229,10:49:18,247.5,600,27750
20231229,10:49:28,245.95,50,27750
20231229,10:50:27,243.55,50,28500
20231229,10:50:57,241.85,50,28500
20231229,10:51:00,242.8,100,28500
20231229,10:54:05,246.3,150,28550
20231229,10:54:10,250.0,100,28550
20231229,10:54:12,251.15,50,28550
20231229,10:54:18,249.05,50,28550
20231229,10:54:22,251.75,50,28550
20231229,10:54:40,254.1,100,28550
20231229,10:54:54,250.2,600,28550
20231229,10:55:15,251.55,50,28550
20231229,10:55:47,249.15,100,28550
20231229,10:55:49,249.15,250,28550
20231229,10:56:09,247.9,300,28550
20231229,11:00:12,247.9,150,28750
20231229,11:00:14,247.9,350,28750
20231229,11:00:26,246.05,100,28750
20231229,11:00:31,248.45,600,28750
20231229,11:01:37,250.25,100,28750
20231229,11:01:44,249.45,100,28750
20231229,11:01:54,247.0,100,28750
20231229,11:02:14,247.25,200,28750
20231229,11:02:39,252.05,100,28900
20231229,11:02:57,252.2,50,28900
20231229,11:03:21,250.35,50,28900
20231229,11:03:24,250.55,50,28900
20231229,11:04:24,253.65,50,28900
20231229,11:04:47,252.6,200,28900
20231229,11:05:01,250.05,50,28900
20231229,11:07:49,249.95,50,29050
20231229,11:08:03,248.75,50,29050
20231229,11:09:06,253.0,100,29000
20231229,11:09:09,253.0,400,29000
20231229,11:09:54,251.35,50,29000
20231229,11:09:56,251.45,50,29000
20231229,11:10:13,251.55,50,29000
20231229,11:10:23,251.45,50,29000
20231229,11:10:24,250.9,500,29000
20231229,11:10:44,249.6,200,29000
20231229,11:10:56,250.0,150,29000
20231229,11:11:02,250.9,200,29000
20231229,11:11:04,251.0,50,29000
20231229,11:11:16,251.45,50,29000
20231229,11:11:37,250.9,50,28400
20231229,11:13:56,248.45,150,28400
20231229,11:14:29,244.7,200,28600
20231229,11:15:23,245.1,50,28600
20231229,11:15:31,244.75,50,28600
20231229,11:15:35,246.1,100,28600
20231229,11:15:40,244.2,400,28600
20231229,11:15:56,244.4,100,28600
20231229,11:16:03,242.85,50,28600
20231229,11:16:20,243.15,50,28600
20231229,11:17:22,241.6,150,28600
20231229,11:17:23,240.0,50,28400
20231229,11:17:40,239.5,550,28400
20231229,11:17:45,241.35,100,28400
20231229,11:18:27,240.8,250,28400
20231229,11:18:38,241.0,150,28400
20231229,11:20:07,237.2,100,28400
20231229,11:20:12,236.95,50,28400
20231229,11:20:30,237.7,450,28000
20231229,11:20:45,238.0,50,28000
20231229,11:21:20,237.4,50,28000
20231229,11:21:22,238.1,350,28000
20231229,11:21:30,236.0,100,28000
20231229,11:21:44,237.7,50,28000
20231229,11:21:50,237.6,800,28000
20231229,11:22:29,238.2,250,28000
20231229,11:22:42,238.0,300,28000
20231229,11:22:47,238.2,50,28000
20231229,11:22:54,238.85,50,28000
20231229,11:23:26,239.5,50,27800
20231229,11:24:19,238.8,1100,27800
20231229,11:24:39,234.6,100,27800
20231229,11:24:54,233.9,150,27800
20231229,11:25:54,235.8,100,27800
20231229,11:26:44,237.6,100,28700
20231229,11:28:24,234.5,150,28700
20231229,11:28:39,233.4,150,28700
20231229,11:28:55,232.5,550,28700
20231229,11:29:24,235.1,50,28700
20231229,11:30:27,232.5,100,28500
20231229,11:30:42,233.55,150,28500
20231229,11:31:56,235.1,1800,28500
20231229,11:33:29,235.95,250,27150
20231229,11:33:36,236.3,50,27150
20231229,11:33:43,235.0,50,27150
20231229,11:33:54,236.4,1100,27150
20231229,11:34:28,234.65,50,27150
20231229,11:34:30,232.85,900,27150
20231229,11:34:35,231.9,100,27150
20231229,11:34:38,230.1,350,27150
20231229,11:34:51,229.2,350,27150
20231229,11:35:11,229.2,300,27150
20231229,11:35:38,229.0,200,26950
20231229,11:35:54,226.2,200,26950
20231229,11:35:58,228.2,50,26950
20231229,11:36:03,228.15,1000,26950
20231229,11:36:21,227.2,200,26950
20231229,11:36:56,229.7,50,26950
20231229,11:37:30,228.55,50,26950
20231229,11:38:15,231.3,50,26950
20231229,11:38:31,228.5,50,26700
20231229,11:40:03,233.0,50,26700
20231229,11:40:06,233.1,200,26700
20231229,11:40:36,233.3,500,26700
20231229,11:40:40,234.55,100,26700
20231229,11:40:45,235.2,1550,26700
20231229,11:40:51,235.4,500,26700
20231229,11:41:11,233.9,300,26700
20231229,11:41:23,232.85,600,26700
20231229,11:42:25,232.6,50,28000
20231229,11:42:33,232.5,100,28000
20231229,11:43:30,234.0,350,28000
20231229,11:43:33,234.6,250,28000
20231229,11:44:01,235.2,100,28000
20231229,11:44:10,236.0,50,28000
20231229,11:44:20,234.6,1650,28000
20231229,11:47:32,237.8,100,27000
20231229,11:47:39,238.2,50,27000
20231229,11:48:03,237.45,150,27000
20231229,11:50:24,237.85,50,27000
20231229,11:51:04,236.9,200,27000
20231229,11:51:06,236.45,100,27100
20231229,11:51:27,235.55,500,27100
20231229,11:51:54,235.5,300,27100
20231229,11:52:47,235.65,50,27100
20231229,11:53:08,235.45,50,27100
20231229,11:53:41,234.4,50,27300
20231229,11:54:06,235.55,50,27300
20231229,11:54:21,236.2,50,27300
20231229,11:55:03,235.2,200,27300
20231229,11:55:05,234.7,50,27300
20231229,11:55:25,234.2,50,27300
20231229,11:56:30,232.2,50,27150
20231229,11:56:41,232.25,50,27150
20231229,11:56:57,232.2,100,27150
20231229,11:57:03,232.8,200,27150
20231229,11:57:08,232.0,50,27150
20231229,11:57:15,232.0,50,27150
20231229,11:57:37,232.4,50,27150
20231229,11:59:22,230.0,50,27150
20231229,11:59:30,230.4,500,27350
20231229,11:59:35,230.4,350,27350
20231229,12:00:27,231.0,600,27350
20231229,12:00:35,231.3,100,27350
20231229,12:00:37,231.1,800,27350
20231229,12:01:00,232.65,50,27350
20231229,12:01:50,235.2,50,27350
20231229,12:03:20,231.6,350,27350
20231229,12:03:39,230.85,350,27100
20231229,12:03:58,229.8,100,27100
20231229,12:04:05,230.2,400,27100
20231229,12:04:22,228.5,100,27100
20231229,12:04:35,230.05,50,27100
20231229,12:04:56,231.2,50,27100
20231229,12:05:23,231.0,50,27100
20231229,12:07:55,232.4,50,27400
20231229,12:08:17,231.7,300,27400
20231229,12:08:50,232.4,100,27400
20231229,12:09:59,229.1,300,27400
20231229,12:10:15,230.25,150,27400
20231229,12:10:40,231.45,50,27400
20231229,12:10:48,232.35,500,27400
20231229,12:11:15,231.9,200,27400
20231229,12:11:41,228.85,50,27400
20231229,12:12:08,228.75,100,27400
20231229,12:12:37,227.6,400,27400
20231229,12:12:42,228.7,50,27400
20231229,12:12:43,228.75,300,27400
20231229,12:12:55,228.0,250,27400
20231229,12:13:25,229.1,100,27400
20231229,12:13:27,229.7,100,27400
20231229,12:14:15,230.05,50,27400
20231229,12:14:30,230.45,50,27400
20231229,12:14:48,230.6,50,26350
20231229,12:14:50,231.0,50,26350
20231229,12:15:10,229.6,100,26350
20231229,12:16:05,229.3,300,26350
20231229,12:16:45,225.0,250,26350
20231229,12:16:54,225.0,50,26350
20231229,12:16:55,227.7,50,26350
20231229,12:17:00,228.0,50,26350
20231229,12:17:10,228.65,200,26350
20231229,12:17:23,228.55,50,26350
20231229,12:17:57,229.4,50,26200
20231229,12:18:02,228.25,50,26200
20231229,12:20:15,223.5,350,26200
20231229,12:21:03,221.75,50,26600
20231229,12:21:14,220.0,500,26600
20231229,12:21:39,220.0,50,26600
20231229,12:21:40,220.35,500,26600
20231229,12:21:42,220.8,200,26600
20231229,12:21:52,219.1,50,26600
20231229,12:21:53,218.8,100,26600
20231229,12:21:55,218.8,200,26600
20231229,12:21:57,219.85,50,26600
20231229,12:21:58,220.5,50,26600
20231229,12:22:10,219.8,100,26600
20231229,12:22:17,219.9,100,26600
20231229,12:22:22,219.2,50,26600
20231229,12:22:38,219.2,50,26600
20231229,12:24:15,219.9,50,27250
20231229,12:27:35,225.2,50,27250
20231229,12:28:20,225.7,300,27250
20231229,12:28:56,225.45,50,27250
20231229,12:29:04,225.0,500,27250
20231229,12:30:06,229.6,50,27850
20231229,12:30:18,230.0,50,27850
20231229,12:30:41,232.7,100,27850
20231229,12:30:48,234.05,450,27850
20231229,12:30:54,235.05,150,27850
20231229,12:30:56,237.1,50,27850
20231229,12:31:04,236.2,350,27850
20231229,12:31:09,234.2,100,27850
20231229,12:31:17,233.4,350,27850
20231229,12:31:26,234.6,350,27850
20231229,12:31:32,237.3,100,27850
20231229,12:31:37,236.7,150,27850
20231229,12:32:42,234.3,50,27950
20231229,12:33:07,233.5,50,27950
20231229,12:33:27,233.45,50,27950
20231229,12:34:02,234.0,150,27950
20231229,12:36:22,236.0,100,27900
20231229,12:36:35,234.75,50,27900
20231229,12:36:42,235.2,50,27900
20231229,12:37:40,233.05,100,27900
20231229,12:38:01,234.6,50,27900
20231229,12:38:03,234.3,50,27900
20231229,12:38:05,234.25,100,27900
20231229,12:39:07,236.0,100,27850
20231229,12:39:13,237.35,100,27850
20231229,12:39:31,239.0,150,27850
20231229,12:39:40,239.0,50,27850
20231229,12:39:41,240.0,200,27850
20231229,12:40:03,239.8,100,27850
20231229,12:40:48,241.45,200,27850
20231229,12:40:55,240.05,500,27850
20231229,12:41:05,238.5,50,27850
20231229,12:41:21,240.0,600,27850
20231229,12:41:28,240.5,800,27850
20231229,12:42:21,243.75,300,28150
20231229,12:42:28,243.95,500,28150
20231229,12:42:33,243.2,50,28150
20231229,12:42:36,241.8,200,28150
20231229,12:42:46,241.5,200,28150
20231229,12:43:16,241.0,50,28150
20231229,12:44:06,243.1,50,28150
20231229,12:44:08,245.0,100,28150
20231229,12:44:13,245.55,250,28150
20231229,12:45:01,243.5,50,28250
20231229,12:45:05,243.8,250,28250
20231229,12:45:06,244.85,150,28250
20231229,12:45:08,244.65,100,28250
20231229,12:45:33,245.25,50,28250
20231229,12:46:43,241.0,100,28250
20231229,12:47:11,243.15,50,28250
20231229,12:48:10,242.45,200,28450
20231229,12:48:21,243.15,100,28450
20231229,12:48:26,244.4,300,28450
20231229,12:48:28,245.0,50,28450
20231229,12:49:03,241.15,350,28450
20231229,12:49:10,240.0,50,28450
20231229,12:49:18,238.75,300,28450
20231229,12:49:47,239.45,50,28450
20231229,12:50:13,238.2,400,28450
20231229,12:50:38,238.65,50,28050
20231229,12:50:50,240.1,50,28050
20231229,12:51:05,240.2,350,28050
20231229,12:51:33,243.1,300,28050
20231229,12:51:34,243.7,350,28050
20231229,12:52:29,244.15,100,28050
20231229,12:53:00,245.35,100,28050
20231229,12:53:02,246.5,300,28050
20231229,12:53:13,244.45,100,28050
20231229,12:53:18,243.3,250,28050
20231229,12:55:28,242.8,400,27650
20231229,12:56:59,240.5,100,27700
20231229,12:59:12,242.4,50,27700
20231229,12:59:55,245.05,250,27550
20231229,13:00:10,243.25,100,27550
20231229,13:01:03,239.05,100,27550
20231229,13:01:18,238.45,200,27550
20231229,13:01:52,240.0,350,27550
20231229,13:02:10,241.9,400,27550
20231229,13:02:30,244.9,100,27550
20231229,13:02:32,244.45,400,27550
20231229,13:03:10,245.8,400,27600
20231229,13:03:44,240.95,50,27600
20231229,13:03:53,241.85,100,27600
20231229,13:04:02,238.35,1050,27600
20231229,13:04:07,234.95,250,27600
20231229,13:04:48,235.5,50,27600
20231229,13:05:29,234.05,400,27600
20231229,13:06:08,232.1,800,28550
20231229,13:06:18,230.75,50,28550
20231229,13:06:23,230.9,150,28550
20231229,13:06:30,232.1,50,28550
20231229,13:07:02,233.25,100,28550
20231229,13:07:27,233.3,1050,28550
20231229,13:07:40,235.65,450,28550
20231229,13:08:20,233.0,50,28550
20231229,13:10:10,232.9,350,27100
20231229,13:13:55,230.1,200,27100
20231229,13:15:10,229.0,400,27150
20231229,13:15:37,226.95,150,27150
20231229,13:16:52,230.0,100,27150
20231229,13:17:51,226.2,250,26900
20231229,13:17:56,226.7,50,26900
20231229,13:18:11,225.35,50,26900
20231229,13:18:23,225.6,300,26900
20231229,13:18:25,225.6,150,26900
20231229,13:18:35,226.05,50,26900
20231229,13:18:46,229.0,100,26900
20231229,13:19:54,231.95,50,26900
20231229,13:20:04,230.9,50,26900
20231229,13:20:09,231.0,50,26900
20231229,13:20:14,230.7,50,26900
20231229,13:21:26,230.1,200,26650
20231229,13:22:42,234.25,50,26650
20231229,13:24:12,233.85,50,26500
20231229,13:24:25,232.15,50,26500
20231229,13:24:37,232.6,100,26500
20231229,13:25:41,232.8,50,26500
20231229,13:26:03,231.7,50,26500
20231229,13:27:01,234.45,1100,26600
20231229,13:27:46,234.6,350,26600
20231229,13:28:27,235.05,1100,26600
20231229,13:29:24,236.1,50,26600
20231229,13:29:52,241.0,150,26750
20231229,13:30:19,242.15,50,26750
20231229,13:30:47,241.05,100,26750
20231229,13:30:56,242.75,50,26750
20231229,13:31:16,240.65,50,26750
20231229,13:31:43,239.0,1850,26750
20231229,13:32:31,239.05,500,26750
20231229,13:32:43,237.05,600,25650
20231229,13:33:03,236.45,50,25650
20231229,13:33:19,234.8,50,25650
20231229,13:33:23,234.45,450,25650
20231229,13:33:24,234.05,100,25650
20231229,13:33:48,234.95,50,25650
20231229,13:34:01,237.4,650,25650
20231229,13:34:02,238.0,600,25650
20231229,13:34:04,238.05,50,25650
20231229,13:34:11,238.4,50,25650
20231229,13:34:41,237.9,50,25650
20231229,13:34:44,238.1,50,25650
20231229,13:34:46,238.6,50,25650
20231229,13:34:54,238.9,50,25650
20231229,13:35:09,237.15,50,25650
20231229,13:35:22,235.95,100,25650
20231229,13:38:27,240.65,50,25800
20231229,13:39:01,240.95,50,25850
20231229,13:39:21,242.45,350,25850
20231229,13:40:08,244.95,100,25850
20231229,13:40:19,241.85,50,25850
20231229,13:40:29,242.15,50,25850
20231229,13:40:38,240.6,50,25850
20231229,13:40:49,239.55,100,25850
20231229,13:41:51,241.15,250,25850
20231229,13:42:11,240.0,350,25850
20231229,13:42:25,239.55,50,25850
20231229,13:43:23,234.8,50,25850
20231229,13:43:25,234.8,350,25850
20231229,13:43:55,233.85,50,25850
20231229,13:44:35,231.5,500,25850
20231229,13:45:36,231.95,350,26100
20231229,13:45:43,231.95,500,26100
20231229,13:45:48,231.9,300,26100
20231229,13:46:33,232.4,200,26100
20231229,13:46:51,231.0,50,26100
20231229,13:46:54,230.1,100,26100
20231229,13:46:56,230.0,50,26100
20231229,13:46:58,229.5,700,26100
20231229,13:47:09,227.8,50,26100
20231229,13:47:33,229.7,100,26100
20231229,13:47:40,229.9,350,26100
20231229,13:47:41,231.55,650,26100
20231229,13:47:45,231.55,100,27300
20231229,13:47:54,231.3,50,27300
20231229,13:48:14,232.4,1100,27300
20231229,13:48:24,232.9,350,27300
20231229,13:48:28,233.1,250,27300
20231229,13:50:33,230.6,50,27300
20231229,13:50:37,231.1,50,27300
20231229,13:50:40,231.8,50,27300
20231229,13:50:47,232.65,50,27250
20231229,13:51:08,233.2,100,27250
20231229,13:51:10,232.8,100,27250
20231229,13:53:17,230.3,250,27250
20231229,13:53:38,231.0,50,27250
20231229,13:53:45,231.15,150,27250
20231229,13:54:40,231.5,50,27800
20231229,13:55:35,232.8,50,27800
20231229,13:56:03,231.5,150,27800
20231229,13:56:55,232.2,200,27800
20231229,13:56:57,232.45,50,27800
20231229,13:57:33,232.6,50,27800
20231229,13:57:51,232.45,50,27800
20231229,13:58:25,232.85,50,27800
20231229,13:58:55,230.8,1150,27800
20231229,13:59:08,231.6,50,27800
20231229,13:59:43,232.75,50,27800
20231229,14:02:09,231.25,50,27500
20231229,14:02:33,231.0,50,27500
20231229,14:03:13,231.1,100,27500
20231229,14:03:21,230.45,50,27500
20231229,14:03:31,231.25,50,27500
20231229,14:03:56,229.8,300,27500
20231229,14:03:58,228.95,50,27500
20231229,14:04:10,224.2,700,27500
20231229,14:04:13,223.8,50,27500
20231229,14:04:18,223.05,450,27500
20231229,14:04:31,226.0,100,27500
20231229,14:05:28,226.25,100,27500
20231229,14:05:48,224.4,50,28200
20231229,14:06:00,226.2,200,28200
20231229,14:06:01,226.95,600,28200
20231229,14:06:18,226.45,150,28200
20231229,14:06:48,229.05,100,28200
20231229,14:07:09,229.1,50,28200
20231229,14:07:44,231.95,50,28200
20231229,14:07:51,230.05,150,28200
20231229,14:07:57,231.1,50,28200
20231229,14:08:06,230.35,50,28200
20231229,14:08:37,232.0,100,28200
20231229,14:09:33,234.0,100,27450
20231229,14:09:36,233.0,200,27450
20231229,14:09:41,232.2,300,27450
20231229,14:09:54,236.25,100,27450
20231229,14:10:53,237.0,50,27450
20231229,14:11:09,236.3,100,27450
20231229,14:11:44,234.0,100,27450
20231229,14:11:56,234.0,50,27450
20231229,14:12:01,233.95,50,27450
20231229,14:12:08,232.25,50,27450
20231229,14:12:09,234.4,150,27450
20231229,14:12:29,236.85,50,27450
20231229,14:12:44,238.5,50,27450
20231229,14:12:53,240.0,50,27450
20231229,14:12:58,240.0,50,27450
20231229,14:12:59,239.3,50,27450
20231229,14:13:13,241.5,50,27450
20231229,14:13:19,238.75,50,27450
20231229,14:13:36,243.35,150,27450
20231229,14:14:31,248.4,100,27450
20231229,14:14:37,247.55,500,27450
20231229,14:14:41,247.75,150,27450
20231229,14:14:44,247.75,250,27450
20231229,14:14:59,249.7,400,27850
20231229,14:15:01,250.45,150,27850
20231229,14:15:08,249.1,250,27850
20231229,14:15:14,248.95,350,27850
20231229,14:15:23,248.9,450,27850
20231229,14:15:24,249.25,100,27850
20231229,14:15:28,250.55,150,27850
20231229,14:15:29,250.45,300,27850
20231229,14:15:48,249.65,400,27850
20231229,14:15:51,249.5,450,27850
20231229,14:16:03,250.25,50,27850
20231229,14:16:08,250.75,50,27850
20231229,14:16:13,252.85,250,27850
20231229,14:16:16,253.3,400,27850
20231229,14:16:31,249.5,50,27850
20231229,14:16:36,249.45,400,27850
20231229,14:16:43,253.05,50,27850
20231229,14:16:44,252.85,50,27850
20231229,14:17:02,252.85,600,27850
20231229,14:17:11,249.5,50,27850
20231229,14:17:41,250.0,100,27850
20231229,14:17:42,249.5,200,27850
20231229,14:18:01,252.0,50,28100
20231229,14:18:24,249.9,50,28100
20231229,14:18:46,251.6,50,28100
20231229,14:18:48,251.1,400,28100
20231229,14:18:53,253.7,350,28100
20231229,14:18:58,255.0,100,28100
20231229,14:19:06,255.1,200,28100
20231229,14:19:13,256.2,200,28100
20231229,14:19:18,255.3,150,28100
20231229,14:19:33,253.3,50,28100
20231229,14:19:34,252.8,50,28100
20231229,14:19:36,252.45,150,28100
20231229,14:19:59,252.4,50,28100
20231229,14:20:04,252.45,100,28100
20231229,14:20:09,252.0,100,28100
20231229,14:20:11,252.5,250,28100
20231229,14:20:14,253.5,150,28100
20231229,14:20:21,253.15,150,28100
20231229,14:20:22,251.8,100,28100
20231229,14:20:24,251.55,100,28100
20231229,14:20:31,249.6,100,28100
20231229,14:21:09,247.1,50,28350
20231229,14:21:58,248.9,100,28350
20231229,14:22:06,249.6,100,28350
20231229,14:22:14,251.5,100,28350
20231229,14:22:41,251.5,100,28350
20231229,14:23:11,252.35,300,28350
20231229,14:23:55,256.4,350,28450
20231229,14:23:58,257.7,50,28450
20231229,14:24:03,258.35,100,28450
20231229,14:24:35,258.0,600,28450
20231229,14:24:36,258.15,600,28450
20231229,14:24:45,259.2,350,28450
20231229,14:24:46,260.5,100,28450
20231229,14:24:51,261.0,100,28450
20231229,14:24:54,261.0,50,28450
20231229,14:25:23,261.6,50,28450
20231229,14:25:26,261.45,150,28450
20231229,14:26:05,257.65,200,28450
20231229,14:26:06,257.9,50,28450
20231229,14:26:21,257.2,100,28450
20231229,14:26:40,257.0,50,28450
20231229,14:26:53,257.1,50,28450
20231229,14:26:56,256.05,100,28550
20231229,14:27:05,253.6,50,28550
20231229,14:27:25,253.3,450,28550
20231229,14:28:12,252.65,100,28550
20231229,14:29:26,256.35,150,28550
20231229,14:29:28,256.0,600,28550
20231229,14:29:38,253.5,50,28550
20231229,14:30:05,251.55,100,28900
20231229,14:30:13,250.55,250,28900
20231229,14:30:15,250.1,150,28900
20231229,14:30:46,250.0,500,28900
20231229,14:32:00,243.5,50,28900
20231229,14:32:05,244.55,1800,28900
20231229,14:32:07,245.2,500,28900
20231229,14:32:12,246.2,3600,28900
20231229,14:32:13,246.45,1800,28900
20231229,14:32:43,244.4,1800,28900
20231229,14:32:56,244.6,350,33200
20231229,14:33:03,243.75,400,33200
20231229,14:33:11,241.15,700,33200
20231229,14:33:16,241.5,150,33200
20231229,14:33:25,242.45,150,33200
20231229,14:33:45,242.55,100,33200
20231229,14:33:58,241.9,50,33200
20231229,14:34:00,243.0,150,33200
20231229,14:34:03,242.75,150,33200
20231229,14:34:30,243.1,50,33200
20231229,14:34:35,243.5,50,33200
20231229,14:34:43,242.75,100,33200
20231229,14:34:48,239.5,450,33200
20231229,14:34:59,238.1,450,33200
20231229,14:35:01,239.35,100,33200
20231229,14:35:03,237.15,200,33200
20231229,14:35:04,236.45,600,33200
20231229,14:35:36,237.0,200,33200
20231229,14:35:44,236.4,250,33200
20231229,14:35:56,234.65,150,33900
20231229,14:36:03,232.65,450,33900
20231229,14:36:08,235.2,50,33900
20231229,14:36:11,234.2,50,33900
20231229,14:36:15,233.95,700,33900
20231229,14:36:16,234.75,100,33900
20231229,14:37:01,230.8,50,33900
20231229,14:37:11,229.0,1800,33900
20231229,14:37:13,229.75,200,33900
20231229,14:37:16,230.1,2050,33900
20231229,14:37:23,229.0,200,33900
20231229,14:37:35,228.9,450,33900
20231229,14:37:40,230.65,200,33900
20231229,14:37:45,230.4,850,33900
20231229,14:37:55,232.2,50,33900
20231229,14:38:00,232.95,150,33900
20231229,14:38:38,231.85,200,33900
20231229,14:39:36,234.6,50,36000
20231229,14:39:57,233.15,50,36000
20231229,14:39:58,233.35,50,36000
20231229,14:40:05,233.8,100,36000
20231229,14:40:07,234.35,50,36000
20231229,14:40:17,235.35,150,36000
20231229,14:40:18,234.65,50,36000
20231229,14:41:12,230.9,50,36000
20231229,14:41:27,231.6,100,36000
20231229,14:41:28,233.05,50,36000
20231229,14:41:48,233.4,50,36000
20231229,14:41:55,233.25,50,35750
20231229,14:42:01,234.55,150,35750
20231229,14:43:23,234.45,50,35750
20231229,14:44:31,237.95,50,35750
20231229,14:44:33,237.75,50,35750
20231229,14:45:07,237.0,150,35650
20231229,14:46:05,233.25,100,35650
20231229,14:46:07,233.25,50,35650
20231229,14:48:14,232.8,500,35450
20231229,14:48:40,235.05,150,35450
20231229,14:49:09,232.35,150,35450
20231229,14:49:32,230.0,600,35450
20231229,14:49:34,229.65,50,35450
20231229,14:49:42,230.1,150,35450
20231229,14:49:49,231.5,150,35450
20231229,14:49:54,231.65,50,35450
20231229,14:50:00,231.5,150,35450
20231229,14:50:15,231.15,100,35450
20231229,14:50:29,231.15,50,35450
20231229,14:50:47,231.15,300,35450
20231229,14:51:54,227.05,50,35050
20231229,14:51:57,226.6,300,35050
20231229,14:52:09,225.05,150,35050
20231229,14:52:12,225.3,450,35050
20231229,14:52:31,225.8,900,35050
20231229,14:52:44,221.6,600,35050
20231229,14:52:51,222.15,550,35050
20231229,14:53:06,223.0,350,35050
20231229,14:53:19,225.0,50,35050
20231229,14:54:11,231.75,350,37000
20231229,14:54:18,230.2,50,37000
20231229,14:54:23,229.95,50,37000
20231229,14:55:06,229.6,50,37000
20231229,14:55:08,228.4,350,37000
20231229,14:55:09,229.15,50,37000
20231229,14:55:31,226.0,100,37000
20231229,14:55:33,226.2,100,37000
20231229,14:55:46,226.65,50,37000
20231229,14:56:16,229.1,350,37000
20231229,14:56:21,228.4,100,37000
20231229,14:56:43,227.0,50,37000
20231229,14:56:51,225.2,750,37000
20231229,14:57:05,225.05,250,37500
20231229,14:57:18,225.0,100,37500
20231229,14:57:36,224.4,450,37500
20231229,14:57:38,224.7,50,37500
20231229,14:57:46,222.15,50,37500
20231229,14:58:21,220.9,250,37500
20231229,14:58:26,220.9,1000,37500
20231229,14:58:33,220.0,100,37500
20231229,14:58:35,219.55,50,37500
20231229,14:58:40,219.35,550,37500
20231229,14:58:53,220.7,50,37500
20231229,14:58:55,220.65,150,37500
20231229,14:59:33,222.15,400,37500
20231229,14:59:53,222.0,50,37500
20231229,14:59:55,221.6,50,38900
20231229,15:00:06,217.85,400,38900
20231229,15:00:15,215.95,400,38900
20231229,15:00:18,215.2,250,38900
20231229,15:00:25,215.2,550,38900
20231229,15:00:26,215.5,100,38900
20231229,15:00:28,218.8,50,38900
20231229,15:00:36,216.65,100,38900
20231229,15:00:38,216.3,100,38900
20231229,15:00:42,216.7,250,38900
20231229,15:00:47,218.2,150,38900
20231229,15:01:12,215.3,150,38900
20231229,15:01:28,214.55,50,38900
20231229,15:01:37,210.15,550,38900
20231229,15:01:42,208.9,150,38900
20231229,15:01:43,208.9,400,38900
20231229,15:01:45,209.2,250,38900
20231229,15:01:47,208.7,200,38900
20231229,15:01:48,208.6,350,38900
20231229,15:01:50,207.9,50,38900
20231229,15:01:57,207.9,100,38900
20231229,15:02:03,207.9,250,38900
20231229,15:02:05,209.7,50,38900
20231229,15:02:10,211.2,100,38900
20231229,15:02:23,218.25,450,38900
20231229,15:02:27,218.25,150,38900
20231229,15:02:33,215.8,150,38900
20231229,15:02:38,216.95,50,38900
20231229,15:02:57,219.3,100,40850
20231229,15:03:10,216.55,50,40850
20231229,15:03:20,215.3,150,40850
20231229,15:03:33,216.95,400,40850
20231229,15:04:00,216.45,300,40850
20231229,15:04:07,219.4,100,40850
20231229,15:04:17,218.2,200,40850
20231229,15:04:28,218.9,50,40850
20231229,15:04:42,216.5,50,40850
20231229,15:04:53,216.15,100,40850
20231229,15:05:08,216.8,50,40850
20231229,15:05:15,215.15,50,40850
20231229,15:06:15,220.6,150,41100
20231229,15:06:16,221.8,400,41100
20231229,15:06:18,222.5,50,41100
20231229,15:06:21,223.2,50,41100
20231229,15:06:26,224.0,400,41100
20231229,15:06:31,222.8,450,41100
20231229,15:06:35,222.85,150,41100
20231229,15:06:36,223.2,100,41100
20231229,15:06:41,223.4,150,41100
20231229,15:06:46,222.35,50,41100
20231229,15:06:48,222.05,50,41100
20231229,15:06:53,220.8,250,41100
20231229,15:06:56,220.65,50,41100
20231229,15:06:58,220.6,150,41100
20231229,15:07:00,219.6,100,41100
20231229,15:07:01,219.85,50,41100
20231229,15:07:05,219.85,150,41100
20231229,15:07:08,219.35,100,41100
20231229,15:07:13,217.6,50,41100
20231229,15:07:15,217.65,150,41100
20231229,15:07:20,216.05,100,41100
20231229,15:07:21,216.8,100,41100
20231229,15:07:25,216.8,50,41100
20231229,15:07:28,216.95,50,41100
20231229,15:07:31,218.1,50,41100
20231229,15:07:37,218.5,50,41100
20231229,15:07:40,217.85,400,41100
20231229,15:07:43,219.55,100,41100
20231229,15:07:47,219.95,100,41100
20231229,15:07:48,219.95,100,41100
20231229,15:08:03,220.3,50,41100
20231229,15:08:38,223.75,50,41100
20231229,15:08:43,223.6,300,41100
20231229,15:08:56,223.5,100,41100
20231229,15:09:06,223.2,200,41100
20231229,15:09:20,225.8,50,41600
20231229,15:09:21,227.15,150,41600
20231229,15:09:46,225.15,50,41600
20231229,15:09:55,224.95,50,41600
20231229,15:09:58,225.05,550,41600
20231229,15:10:00,224.15,900,41600
20231229,15:10:08,223.95,50,41600
20231229,15:10:32,226.85,50,41600
20231229,15:10:56,225.3,50,41600
20231229,15:11:23,224.85,50,41600
20231229,15:11:25,224.05,50,41600
20231229,15:11:43,225.1,50,41600
20231229,15:12:22,226.5,400,41200
20231229,15:12:35,228.6,150,41200
20231229,15:12:38,229.3,900,41200
20231229,15:12:45,230.0,400,41200
20231229,15:12:47,229.6,200,41200
20231229,15:12:48,229.8,450,41200
20231229,15:12:50,230.0,150,41200
20231229,15:13:05,232.85,400,41200
20231229,15:13:13,230.8,50,41200
20231229,15:13:15,230.55,100,41200
20231229,15:13:33,231.25,400,41200
20231229,15:13:38,230.45,350,41200
20231229,15:13:45,229.4,400,41200
20231229,15:14:07,229.8,350,41200
20231229,15:14:10,230.85,350,41200
20231229,15:14:15,231.15,300,41200
20231229,15:14:30,230.55,50,41200
20231229,15:14:42,230.45,250,41200
20231229,15:15:12,227.8,50,40100
20231229,15:15:29,227.2,500,40100
20231229,15:15:30,227.65,150,40100
20231229,15:15:50,225.45,450,40100
20231229,15:17:22,229.55,350,40100
20231229,15:17:33,229.55,50,40100
20231229,15:17:42,229.85,200,40100
20231229,15:17:43,230.4,100,40100
20231229,15:17:52,230.75,150,40100
20231229,15:18:20,229.35,100,40400
20231229,15:18:50,229.95,500,40400
20231229,15:19:27,233.0,150,40400
20231229,15:19:54,232.1,100,40400
20231229,15:19:57,231.75,50,40400
20231229,15:20:02,232.3,250,40400
20231229,15:20:04,232.0,300,40400
20231229,15:20:05,232.65,500,40400
20231229,15:20:07,232.45,300,40400
20231229,15:20:09,232.1,400,40400
20231229,15:20:10,232.2,200,40400
20231229,15:20:12,232.5,200,40400
20231229,15:20:39,234.8,50,40400
20231229,15:20:47,237.05,100,40400
20231229,15:20:57,235.75,50,40400
20231229,15:21:03,235.8,600,40750
20231229,15:21:05,235.8,50,40750
20231229,15:21:07,235.55,50,40750
20231229,15:21:08,235.85,100,40750
20231229,15:21:10,235.15,50,40750
20231229,15:21:15,235.65,100,40750
20231229,15:21:25,233.05,100,40750
20231229,15:21:39,231.5,50,40750
20231229,15:21:40,231.5,50,40750
20231229,15:21:42,231.75,350,40750
20231229,15:21:44,231.6,150,40750
20231229,15:21:47,232.1,50,40750
20231229,15:22:00,232.1,450,40750
20231229,15:22:02,231.6,50,40750
20231229,15:22:07,233.0,200,40750
20231229,15:22:17,231.25,150,40750
20231229,15:22:18,231.35,100,40750
20231229,15:22:20,231.5,150,40750
20231229,15:22:22,231.6,150,40750
20231229,15:22:23,231.3,150,40750
20231229,15:22:25,231.5,100,40750
20231229,15:22:27,231.55,550,40750
20231229,15:22:28,231.8,150,40750
20231229,15:22:30,231.1,100,40750
20231229,15:22:45,230.85,500,40750
20231229,15:22:48,230.25,50,40750
20231229,15:22:52,230.5,50,40750
20231229,15:22:55,230.95,50,40750
20231229,15:22:57,231.65,1450,40750
20231229,15:22:58,231.25,550,40750
20231229,15:23:02,232.25,300,40750
20231229,15:23:07,233.4,350,40750
20231229,15:23:12,233.35,150,40750
20231229,15:23:17,233.6,50,40750
20231229,15:23:22,234.7,50,40750
20231229,15:23:23,235.05,600,40750
20231229,15:23:25,234.3,100,40750
20231229,15:23:27,234.3,400,40750
20231229,15:23:28,234.3,650,40750
20231229,15:23:37,233.75,50,40750
20231229,15:23:39,234.2,250,40750
20231229,15:23:44,232.7,50,40750
20231229,15:23:45,232.75,350,40750
20231229,15:23:52,232.55,50,40750
20231229,15:23:57,232.95,100,40750
20231229,15:24:00,234.6,50,38950
20231229,15:24:02,234.75,250,38950
20231229,15:24:07,235.8,100,38950
20231229,15:24:10,235.25,50,38950
20231229,15:24:12,235.75,100,38950
20231229,15:24:14,236.45,150,38950
20231229,15:24:20,236.75,50,38950
20231229,15:24:24,236.45,100,38950
20231229,15:24:27,236.1,50,38950
20231229,15:24:29,236.1,100,38950
20231229,15:24:32,236.95,50,38950
20231229,15:24:35,236.3,50,38950
20231229,15:24:50,236.4,150,38950
20231229,15:25:02,237.55,150,38950
20231229,15:25:04,237.5,150,38950
20231229,15:25:14,236.8,150,38950
20231229,15:25:15,236.6,50,38950
20231229,15:25:19,235.8,250,38950
20231229,15:25:20,235.55,400,38950
20231229,15:25:32,236.0,50,38950
20231229,15:25:42,236.1,50,38950
20231229,15:25:49,235.7,100,38950
20231229,15:25:51,236.35,200,38950
20231229,15:26:04,236.4,250,38950
20231229,15:26:06,236.4,150,38950
20231229,15:26:07,236.4,300,38950
20231229,15:26:11,236.4,50,38950
20231229,15:26:12,235.8,1150,38950
20231229,15:26:19,236.0,200,38950
20231229,15:26:21,236.6,100,38950
20231229,15:26:26,237.0,200,38950
20231229,15:27:02,236.0,100,37600
20231229,15:27:12,235.9,400,37600
20231229,15:27:14,235.6,50,37600
20231229,15:27:17,235.35,50,37600
20231229,15:27:19,235.15,200,37600
20231229,15:27:24,235.4,200,37600
20231229,15:27:27,235.3,200,37600
20231229,15:27:32,234.35,50,37600
20231229,15:27:34,234.3,50,37600
20231229,15:27:36,233.85,50,37600
20231229,15:27:46,233.3,300,37600
20231229,15:28:09,232.65,50,37600
20231229,15:28:14,232.85,150,37600
20231229,15:28:24,231.0,350,37600
20231229,15:28:28,231.0,150,37600
20231229,15:28:29,230.3,450,37600
20231229,15:28:51,231.25,100,37600
20231229,15:28:53,231.4,350,37600
20231229,15:28:54,231.35,50,37600
20231229,15:28:56,231.3,250,37600
20231229,15:29:06,233.0,150,37600
20231229,15:29:08,233.45,50,37600
20231229,15:29:09,232.45,150,37600
20231229,15:29:11,232.3,50,37600
20231229,15:29:21,234.35,100,37600
20231229,15:29:36,235.75,50,37600
20231229,15:29:43,234.0,600,37600
20231229,15:29:46,234.2,50,37600
20240101,09:15:13,255.45,1,33500
20240101,09:15:13,243.15,900,33500
20240101,09:15:24,252.45,500,33500
20240101,09:15:34,253.5,50,33500
20240101,09:15:43,247.55,200,33500
20240101,09:15:52,249.85,50,33500
20240101,09:16:09,244.95,50,33500
20240101,09:16:24,250.35,450,33500
20240101,09:16:39,248.55,50,33500
20240101,09:16:58,250.55,300,33500
20240101,09:17:16,249.95,450,33500
20240101,09:17:23,249.45,50,33400
20240101,09:17:33,248.8,650,33400
20240101,09:17:42,247.0,1500,33400
20240101,09:17:50,248.7,2800,33400
20240101,09:17:59,249.75,600,33400
20240101,09:18:05,247.4,50,33400
20240101,09:18:20,249.55,50,33400
20240101,09:18:27,251.1,50,33400
20240101,09:18:32,249.95,100,33400
20240101,09:18:45,249.3,50,33400
20240101,09:18:59,250.75,850,33400
20240101,09:19:01,249.9,150,33400
20240101,09:19:02,249.95,50,33400
20240101,09:19:25,249.25,50,33400
20240101,09:19:28,249.2,50,33400
20240101,09:19:37,250.0,100,33400
20240101,09:19:43,251.35,50,33400
20240101,09:19:57,254.4,50,33400
20240101,09:19:58,254.15,50,33400
20240101,09:20:02,251.35,100,33400
20240101,09:20:15,252.4,100,33400
20240101,09:20:23,254.85,400,34550
20240101,09:20:28,252.65,100,34550
20240101,09:20:30,251.35,150,34550
20240101,09:20:33,251.55,300,34550
20240101,09:20:35,252.45,350,34550
20240101,09:20:42,252.8,250,34550
20240101,09:20:45,253.0,100,34550
20240101,09:20:52,255.45,400,34550
20240101,09:20:58,255.8,300,34550
20240101,09:21:12,255.8,100,34550
20240101,09:21:18,254.2,50,34550
20240101,09:21:23,254.0,50,34550
20240101,09:21:27,254.05,350,34550
20240101,09:21:28,253.6,50,34550
20240101,09:23:10,248.2,450,34550
20240101,09:23:11,248.2,1100,34550
20240101,09:24:31,248.2,200,33150
20240101,09:25:14,249.9,300,33150
20240101,09:25:26,250.8,100,33150
20240101,09:25:28,250.35,100,33150
20240101,09:25:38,248.3,200,33150
20240101,09:27:07,245.0,450,33600
20240101,09:27:20,243.85,150,33600
20240101,09:27:40,247.95,50,33600
20240101,09:28:00,247.7,250,33600
20240101,09:28:10,250.9,50,33600
20240101,09:29:00,250.35,50,33600
20240101,09:29:03,250.25,50,33600
20240101,09:29:15,249.7,100,33600
20240101,09:30:03,249.0,150,34200
20240101,09:30:13,252.2,150,34200
20240101,09:30:40,250.6,50,34200
20240101,09:31:15,253.75,50,34200
20240101,09:31:17,255.0,150,34200
20240101,09:31:22,255.6,400,34200
20240101,09:31:25,254.7,400,34200
20240101,09:31:30,255.05,50,34200
20240101,09:32:00,253.9,150,34200
20240101,09:32:21,251.65,700,33700
20240101,09:32:22,250.9,100,33700
20240101,09:32:31,252.75,50,33700
20240101,09:33:54,243.75,250,33700
20240101,09:34:16,244.45,150,33700
20240101,09:34:29,245.5,250,33700
20240101,09:34:56,245.45,200,33700
20240101,09:35:40,241.75,600,34550
20240101,09:35:47,240.65,100,34550
20240101,09:36:07,240.65,1700,34550
20240101,09:36:11,242.75,50,34550
20240101,09:36:21,243.8,50,34550
20240101,09:36:31,241.85,50,34550
20240101,09:37:04,242.55,250,34550
20240101,09:37:29,242.1,250,34550
20240101,09:37:48,244.65,800,34550
20240101,09:37:51,244.4,200,34550
20240101,09:38:04,245.0,150,34550
20240101,09:38:44,245.1,300,34650
20240101,09:39:29,250.35,50,34650
20240101,09:40:02,254.3,600,34650
20240101,09:40:04,255.45,200,34650
20240101,09:40:07,255.1,50,34650
20240101,09:40:19,250.85,50,34650
20240101,09:42:19,249.75,700,34500
20240101,09:42:51,246.5,50,34500
20240101,09:44:46,244.05,600,34550
20240101,09:44:49,244.7,350,34550
20240101,09:45:29,242.7,50,34550
20240101,09:45:49,243.5,50,34550
20240101,09:46:48,235.15,50,34550
20240101,09:46:55,234.0,200,34550
20240101,09:47:00,234.0,1000,34550
20240101,09:47:11,234.05,250,34550
20240101,09:47:58,237.6,50,35150
20240101,09:48:18,237.0,200,35150
20240101,09:48:23,235.8,50,35150
20240101,09:48:31,233.95,150,35150
20240101,09:48:41,233.95,300,35150
20240101,09:48:53,232.5,150,35150
20240101,09:48:54,232.5,50,35150
20240101,09:49:00,231.55,100,35150
20240101,09:49:21,231.55,100,35150
20240101,09:49:23,231.7,300,35150
20240101,09:49:30,230.85,750,35150
20240101,09:49:31,230.35,100,35150
20240101,09:50:03,230.35,300,35150
20240101,09:50:28,232.7,350,36050
20240101,09:50:46,232.65,50,36050
20240101,09:51:43,230.35,50,36050
20240101,09:52:48,230.35,50,36050
20240101,09:53:08,227.8,350,36050
20240101,09:53:24,227.8,50,35700
20240101,09:53:37,226.15,200,35700
20240101,09:53:39,225.9,450,35700
20240101,09:53:45,225.55,250,35700
20240101,09:53:52,225.55,300,35700
20240101,09:54:03,223.1,450,35700
20240101,09:54:05,222.6,50,35700
20240101,09:54:08,222.6,250,35700
20240101,09:54:13,225.35,50,35700
20240101,09:54:23,223.9,200,35700
20240101,09:54:32,224.35,150,35700
20240101,09:54:43,224.05,50,35700
20240101,09:54:47,223.8,300,35700
20240101,09:54:52,226.35,50,35700
20240101,09:54:53,226.8,250,35700
20240101,09:55:07,224.5,50,35700
20240101,09:55:13,225.75,100,35700
20240101,09:55:15,226.25,150,35700
20240101,09:55:28,227.1,400,35700
20240101,09:55:30,226.7,50,35700
20240101,09:55:57,228.05,50,35700
20240101,09:55:58,228.15,400,35700
20240101,09:56:10,226.3,250,35700
20240101,09:56:13,225.2,350,35700
20240101,09:56:15,224.5,50,35700
20240101,09:56:17,224.5,100,35700
20240101,09:56:18,223.8,50,35700
20240101,09:56:22,223.55,150,37100
20240101,09:56:28,225.4,100,37100
20240101,09:56:40,225.75,550,37100
20240101,09:56:45,225.25,150,37100
20240101,09:56:55,228.15,50,37100
20240101,09:57:22,226.15,200,37100
20240101,09:57:45,225.35,50,37100
20240101,09:57:50,224.0,350,37100
20240101,09:58:15,222.05,50,37100
20240101,09:58:32,222.05,200,37100
20240101,09:58:43,225.05,100,37100
20240101,09:59:25,225.4,50,37400
20240101,09:59:28,225.45,50,37400
20240101,09:59:35,224.55,200,37400
20240101,10:00:10,225.75,150,37400
20240101,10:01:11,225.7,200,37400
20240101,10:01:12,224.9,50,37400
20240101,10:03:39,223.35,100,37550
20240101,10:03:41,223.75,50,37550
20240101,10:04:06,226.1,50,37550
20240101,10:04:26,226.7,350,37550
20240101,10:04:39,227.1,100,37550
20240101,10:04:41,226.85,50,37550
20240101,10:04:51,227.2,350,37550
20240101,10:05:02,226.85,50,37550
20240101,10:05:27,226.95,100,37150
20240101,10:05:29,226.75,100,37150
20240101,10:05:59,227.95,100,37150
20240101,10:06:06,228.45,50,37150
20240101,10:06:16,229.0,50,37150
20240101,10:06:32,228.2,100,37150
20240101,10:07:09,228.8,50,37150
20240101,10:07:23,230.5,100,37150
20240101,10:07:29,231.35,100,37150
20240101,10:07:34,231.35,50,37150
20240101,10:07:58,228.8,400,37150
20240101,10:08:59,225.4,100,37250
20240101,10:10:06,232.85,50,37250
20240101,10:10:46,233.0,100,37250
20240101,10:10:48,234.0,150,37250
20240101,10:10:51,233.4,50,37250
20240101,10:10:56,233.4,50,37250
20240101,10:11:10,235.0,250,37250
20240101,10:11:11,235.95,50,37250
20240101,10:11:16,236.5,200,37250
20240101,10:11:46,236.5,100,36850
20240101,10:11:50,237.5,50,36850
20240101,10:12:28,234.45,50,36850
20240101,10:12:46,236.0,50,36850
20240101,10:13:00,235.65,50,36850
20240101,10:14:12,235.0,100,36850
20240101,10:15:28,232.2,150,36650
20240101,10:15:30,231.95,200,36650
20240101,10:15:53,231.05,50,36650
20240101,10:16:08,234.55,100,36650
20240101,10:16:18,237.75,100,36650
20240101,10:17:15,239.5,50,36650
20240101,10:17:16,239.25,50,36650
20240101,10:18:00,234.0,50,36800
20240101,10:18:28,231.35,100,36800
20240101,10:19:28,235.8,200,36800
20240101,10:20:30,235.0,100,37050
20240101,10:21:33,236.75,50,37050
20240101,10:21:52,240.15,100,37050
20240101,10:21:53,242.0,50,37050
20240101,10:21:58,241.75,50,37050
20240101,10:22:00,240.1,100,37050
20240101,10:22:17,242.35,50,37050
20240101,10:22:20,241.7,250,37050
20240101,10:22:42,242.75,50,37050
20240101,10:23:29,242.45,50,36900
20240101,10:23:44,242.4,50,36900
20240101,10:24:45,245.6,50,36900
20240101,10:24:49,245.0,50,36900
20240101,10:25:00,245.75,200,36900
20240101,10:25:24,243.45,50,36900
20240101,10:25:25,243.4,200,36900
20240101,10:25:45,242.2,200,36900
20240101,10:25:50,243.8,200,36900
20240101,10:26:07,239.1,50,36900
20240101,10:26:20,239.7,100,36900
20240101,10:26:47,236.5,500,36800
20240101,10:26:49,236.8,200,36800
20240101,10:27:20,236.7,100,36800
20240101,10:29:49,235.8,100,37100
20240101,10:30:07,234.0,100,37100
20240101,10:30:39,234.3,50,37100
20240101,10:31:07,233.85,100,37100
20240101,10:32:56,231.15,500,37100
20240101,10:33:29,229.95,250,37100
20240101,10:33:34,230.4,50,37100
20240101,10:34:37,228.95,50,37100
20240101,10:36:06,232.0,300,37150
20240101,10:36:12,232.15,50,37150
20240101,10:37:33,227.4,50,37150
20240101,10:37:41,227.25,50,37150
20240101,10:37:44,228.4,100,37150
20240101,10:38:06,228.35,550,37150
20240101,10:39:09,228.7,50,37350
20240101,10:40:03,227.3,150,37350
20240101,10:40:11,226.05,100,37350
20240101,10:40:23,226.65,200,37350
20240101,10:40:31,226.25,700,37350
20240101,10:41:19,226.0,100,37350
20240101,10:41:23,225.3,250,37350
20240101,10:42:30,225.75,50,38400
20240101,10:42:43,225.7,50,38400
20240101,10:44:58,224.55,50,38400
20240101,10:45:16,223.45,250,38400
20240101,10:45:20,223.2,400,38400
20240101,10:45:30,223.5,100,38400
20240101,10:45:36,224.8,100,38400
20240101,10:45:40,225.85,50,38400
20240101,10:46:16,225.05,100,38400
20240101,10:46:26,225.2,400,38400
20240101,10:46:38,221.85,100,38400
20240101,10:46:45,221.3,200,38400
20240101,10:46:56,220.3,200,38400
20240101,10:47:05,220.3,50,38400
20240101,10:47:15,221.0,50,38400
20240101,10:47:46,222.3,250,38200
20240101,10:47:55,222.55,50,38200
20240101,10:48:03,224.1,200,38200
20240101,10:48:23,221.95,50,38200
20240101,10:48:33,219.8,100,38200
20240101,10:48:48,219.75,50,38200
20240101,10:48:55,219.75,400,38200
20240101,10:48:58,220.6,50,38200
20240101,10:49:31,219.0,150,38200
20240101,10:49:33,217.0,350,38200
20240101,10:49:58,217.0,200,38200
20240101,10:50:52,220.05,100,38200
20240101,10:50:58,220.6,150,38200
20240101,10:51:42,218.25,200,38200
20240101,10:51:50,217.6,50,38200
20240101,10:52:02,217.8,50,38200
20240101,10:53:27,216.0,50,38200
20240101,10:53:43,214.0,100,37950
20240101,10:53:55,214.0,600,37950
20240101,10:54:00,218.35,200,37950
20240101,10:55:22,216.75,50,37950
20240101,10:56:00,214.5,50,37950
20240101,10:56:03,215.2,50,37950
20240101,10:56:35,214.95,50,38150
20240101,10:56:38,214.95,250,38150
20240101,10:57:24,215.95,50,38150
20240101,10:58:02,215.95,50,38150
20240101,10:58:55,218.55,50,38150
20240101,10:59:05,219.55,50,38150
20240101,10:59:54,218.1,600,38300
20240101,11:00:02,218.1,50,38300
20240101,11:00:42,214.6,100,38300
20240101,11:01:05,213.1,50,38300
20240101,11:01:19,213.1,50,38300
20240101,11:01:22,213.85,150,38300
20240101,11:01:32,212.8,50,38300
20240101,11:01:36,212.8,300,38300
20240101,11:02:01,213.45,50,38300
20240101,11:02:57,215.55,50,39150
20240101,11:03:22,220.2,350,39150
20240101,11:03:30,220.1,50,39150
20240101,11:03:51,221.1,50,39150
20240101,11:03:53,221.9,50,39150
20240101,11:03:56,221.25,100,39150
20240101,11:04:11,222.0,50,39150
20240101,11:04:13,221.8,200,39150
20240101,11:04:16,222.1,200,39150
20240101,11:04:21,221.5,50,39150
20240101,11:05:04,222.4,50,39150
20240101,11:05:14,223.0,300,39150
20240101,11:05:28,221.5,50,39150
20240101,11:05:31,219.9,200,39150
20240101,11:06:58,220.25,50,39450
20240101,11:07:38,218.2,50,39450
20240101,11:08:32,220.0,250,39450
20240101,11:09:33,220.0,150,39300
20240101,11:10:05,218.25,100,39300
20240101,11:10:57,218.45,150,39300
20240101,11:13:05,220.9,50,39500
20240101,11:14:03,218.45,50,39500
20240101,11:14:38,218.25,50,39450
20240101,11:15:00,216.2,50,39450
20240101,11:16:11,218.75,150,39450
20240101,11:16:13,219.4,50,39450
20240101,11:16:41,220.3,100,39450
20240101,11:16:45,221.15,300,39450
20240101,11:18:05,221.95,100,39250
20240101,11:18:17,222.0,300,39250
20240101,11:18:23,222.25,100,39250
20240101,11:18:42,220.95,150,39250
20240101,11:18:52,218.9,750,39250
20240101,11:19:27,215.4,450,39250
20240101,11:19:32,214.7,50,39250
20240101,11:19:40,214.7,350,39250
20240101,11:19:42,215.1,400,39250
20240101,11:19:55,216.3,150,39250
20240101,11:21:07,217.45,50,41050
20240101,11:21:17,217.75,50,41050
20240101,11:21:45,217.35,100,41050
20240101,11:23:23,217.25,400,41050
20240101,11:23:25,217.9,450,41050
20240101,11:23:55,217.8,50,40650
20240101,11:23:58,218.45,100,40650
20240101,11:24:41,217.25,500,40650
20240101,11:24:50,218.05,50,40650
20240101,11:25:13,216.75,50,40650
20240101,11:25:15,216.75,100,40650
20240101,11:26:00,216.65,300,40650
20240101,11:27:10,217.85,1200,40750
20240101,11:27:15,217.3,250,40750
20240101,11:29:12,215.9,300,40750
20240101,11:29:44,215.2,600,39350
20240101,11:30:00,214.8,300,39350
20240101,11:30:19,214.5,150,39350
20240101,11:30:34,214.5,50,39350
20240101,11:31:21,213.8,300,39350
20240101,11:31:49,215.45,100,39350
20240101,11:33:14,217.25,400,40300
20240101,11:33:17,217.35,50,40300
20240101,11:33:21,217.45,100,40300
20240101,11:33:22,217.35,50,40300
20240101,11:33:26,217.85,50,40300
20240101,11:33:29,219.0,150,40300
20240101,11:33:31,219.15,50,40300
20240101,11:34:07,219.3,50,40300
20240101,11:34:14,218.6,100,40300
20240101,11:34:47,218.9,50,40300
20240101,11:34:49,218.45,100,40300
20240101,11:35:08,219.15,100,40300
20240101,11:35:36,218.4,250,40300
20240101,11:35:38,218.1,100,39650
20240101,11:36:19,219.35,100,39650
20240101,11:36:24,219.75,50,39650
20240101,11:36:31,219.4,50,39650
20240101,11:36:39,219.4,50,39650
20240101,11:37:49,218.8,100,39650
20240101,11:37:51,218.2,350,39650
20240101,11:37:56,218.1,250,39650
20240101,11:38:02,218.7,400,39650
20240101,11:38:07,218.7,100,39650
20240101,11:38:09,218.35,50,39650
20240101,11:38:17,219.3,50,39650
20240101,11:38:27,220.4,50,39650
20240101,11:38:42,220.7,150,38700
20240101,11:38:57,221.0,50,38700
20240101,11:39:02,221.0,50,38700
20240101,11:39:16,220.55,50,38700
20240101,11:39:29,220.1,50,38700
20240101,11:39:36,219.75,50,38700
20240101,11:39:42,219.2,50,38700
20240101,11:39:47,218.65,100,38700
20240101,11:39:54,218.85,50,38700
20240101,11:39:59,218.0,100,38700
20240101,11:40:01,218.3,50,38700
20240101,11:40:06,218.7,50,38700
20240101,11:40:08,218.45,100,38700
20240101,11:40:11,218.3,250,38700
20240101,11:40:13,217.75,350,38700
20240101,11:40:16,218.35,50,38700
20240101,11:40:19,218.6,200,38700
20240101,11:40:23,217.85,50,38700
20240101,11:40:29,217.95,50,38700
20240101,11:40:34,217.95,550,38700
20240101,11:40:41,217.3,100,38700
20240101,11:40:44,218.45,50,38700
20240101,11:40:48,218.2,100,38700
20240101,11:40:49,218.5,150,38700
20240101,11:40:51,218.5,50,38700
20240101,11:40:58,218.25,50,38700
20240101,11:41:14,216.75,50,38700
20240101,11:41:25,215.75,100,38700
20240101,11:41:30,215.3,50,38700
20240101,11:41:38,215.65,50,38350
20240101,11:44:35,219.45,50,38350
20240101,11:47:07,220.35,150,38350
20240101,11:47:26,219.95,50,38350
20240101,11:47:46,220.1,50,38200
20240101,11:49:19,222.9,50,38200
20240101,11:49:21,222.9,50,38200
20240101,11:49:23,222.45,100,38200
20240101,11:49:28,222.35,50,38200
20240101,11:49:56,221.05,50,38200
20240101,11:50:11,221.05,50,38200
20240101,11:50:47,219.05,550,38200
20240101,11:51:26,218.0,50,38200
20240101,11:52:59,219.0,50,38200
20240101,11:54:13,217.75,50,38200
20240101,11:54:28,218.75,50,38200
20240101,12:01:11,221.0,500,38200
20240101,12:01:46,224.0,500,38200
20240101,12:01:47,225.9,2050,38200
20240101,12:01:49,225.7,500,38200
20240101,12:01:56,226.8,250,38200
20240101,12:01:57,226.65,250,38200
20240101,12:01:59,226.8,350,38200
20240101,12:02:01,225.85,250,38200
20240101,12:02:02,225.3,50,38200
20240101,12:02:07,222.8,50,38200
20240101,12:02:09,223.0,250,38200
20240101,12:02:41,221.8,100,38200
20240101,12:02:44,220.9,350,35150
20240101,12:02:57,222.0,100,35150
20240101,12:03:04,221.85,50,35150
20240101,12:03:11,219.15,250,35150
20240101,12:03:12,218.7,600,35150
20240101,12:03:31,219.25,300,35150
20240101,12:04:09,215.3,350,35150
20240101,12:04:29,216.15,200,35150
20240101,12:04:59,218.5,200,35150
20240101,12:05:39,222.55,100,35150
20240101,12:06:29,218.4,350,34900
20240101,12:06:33,217.75,50,34900
20240101,12:06:39,216.05,450,34900
20240101,12:07:43,216.9,600,34900
20240101,12:07:58,216.55,200,34900
20240101,12:08:19,217.3,100,34900
20240101,12:08:43,216.7,50,35500
20240101,12:09:06,215.55,50,35500
20240101,12:09:21,215.0,150,35500
20240101,12:09:24,214.0,350,35500
20240101,12:09:54,212.9,50,35500
20240101,12:10:01,213.0,200,35500
20240101,12:10:03,213.65,100,35500
20240101,12:10:18,209.9,950,35500
20240101,12:10:50,209.55,100,35500
20240101,12:11:30,209.4,100,35500
20240101,12:12:05,208.4,50,35200
20240101,12:12:20,207.05,350,35200
20240101,12:12:21,207.05,600,35200
20240101,12:12:26,208.05,150,35200
20240101,12:12:28,207.9,50,35200
20240101,12:12:30,208.7,350,35200
20240101,12:12:58,209.65,100,35200
20240101,12:13:06,209.35,50,35200
20240101,12:13:51,206.7,100,35200
20240101,12:14:11,206.7,200,35200
20240101,12:14:28,206.0,250,35200
20240101,12:14:31,204.95,550,35200
20240101,12:14:35,204.1,50,35200
20240101,12:14:38,203.2,100,35200
20240101,12:14:40,203.2,50,35200
20240101,12:15:27,204.8,50,35650
20240101,12:15:28,206.1,50,35650
20240101,12:15:43,206.35,150,35650
20240101,12:16:08,205.85,350,35650
20240101,12:16:15,206.75,50,35650
20240101,12:17:32,209.3,250,35650
20240101,12:18:44,209.4,350,35650
20240101,12:19:00,210.45,100,35900
20240101,12:19:24,212.0,50,35900
20240101,12:20:35,212.3,50,35900
20240101,12:20:40,214.1,50,35900
20240101,12:21:30,216.0,50,35450
20240101,12:21:32,216.1,50,35450
20240101,12:22:02,214.35,50,35450
20240101,12:22:04,213.65,100,35450
20240101,12:22:09,215.8,100,35450
20240101,12:22:15,215.65,50,35450
20240101,12:22:22,215.65,50,35450
20240101,12:22:35,214.55,250,35450
20240101,12:22:50,215.0,250,35450
20240101,12:23:18,219.3,150,35450
20240101,12:23:25,219.9,250,35450
20240101,12:23:35,218.35,100,35450
20240101,12:23:59,216.2,50,35300
20240101,12:24:40,218.0,250,35300
20240101,12:25:05,219.2,50,35300
20240101,12:25:25,221.7,150,35300
20240101,12:26:27,221.65,100,35300
20240101,12:26:28,221.7,50,35300
20240101,12:26:53,221.0,350,35050
20240101,12:27:00,219.3,250,35050
20240101,12:27:39,220.3,250,35050
20240101,12:28:10,222.0,150,35050
20240101,12:30:22,223.65,50,35050
20240101,12:30:30,223.2,50,35200
20240101,12:30:57,223.2,100,35200
20240101,12:31:09,224.0,50,35200
20240101,12:31:24,223.65,50,35200
20240101,12:32:17,221.25,100,35200
20240101,12:34:16,220.05,50,35100
20240101,12:34:39,217.55,100,35100
20240101,12:34:48,217.0,50,35100
20240101,12:35:59,217.3,350,35100
20240101,12:36:23,216.5,50,35100
20240101,12:36:28,216.0,50,35100
20240101,12:36:34,215.95,50,35100
20240101,12:38:25,218.8,100,35100
20240101,12:39:01,216.7,50,35200
20240101,12:39:03,216.5,250,35200
20240101,12:39:13,214.35,150,35200
20240101,12:39:30,214.35,250,35200
20240101,12:41:16,214.95,50,35200
20240101,12:43:03,216.2,100,35650
20240101,12:44:33,216.55,250,35650
20240101,12:45:56,212.9,50,35650
20240101,12:46:43,210.25,50,35650
20240101,12:47:00,210.9,200,35650
20240101,12:48:01,210.65,150,35850
20240101,12:48:03,210.1,50,35850
20240101,12:48:08,209.7,50,35850
20240101,12:48:10,209.55,50,35850
20240101,12:48:11,208.85,50,35850
20240101,12:48:15,209.0,50,35850
20240101,12:48:16,209.05,50,35850
20240101,12:48:18,209.15,50,35850
20240101,12:48:21,209.5,50,35850
20240101,12:48:23,209.4,50,35850
20240101,12:48:25,209.25,50,35850
20240101,12:48:30,209.35,50,35850
20240101,12:48:43,209.05,100,35850
20240101,12:48:51,208.5,250,35850
20240101,12:49:00,208.8,200,35850
20240101,12:49:15,209.35,50,35850
20240101,12:49:20,209.25,50,35850
20240101,12:49:45,209.9,50,35850
20240101,12:50:03,207.4,200,35850
20240101,12:50:10,206.3,50,35850
20240101,12:50:27,205.75,200,35850
20240101,12:50:35,206.55,50,35850
20240101,12:50:40,206.8,100,35850
20240101,12:50:50,207.9,50,36550
20240101,12:51:05,208.25,50,36550
20240101,12:51:10,208.25,50,36550
20240101,12:51:16,208.15,50,36550
20240101,12:51:18,208.1,50,36550
20240101,12:51:45,207.9,50,36550
20240101,12:52:11,208.85,50,36550
20240101,12:52:16,208.85,50,36550
20240101,12:52:23,209.05,50,36550
20240101,12:52:58,210.15,50,36550
20240101,12:53:25,209.85,50,36550
20240101,12:53:43,209.0,600,36550
20240101,12:53:58,207.5,350,36550
20240101,12:54:03,207.35,500,37550
20240101,12:54:05,207.3,200,37550
20240101,12:54:37,206.35,50,37550
20240101,12:55:11,207.5,50,37550
20240101,12:55:26,206.0,50,37550
20240101,12:55:38,206.45,250,37550
20240101,12:56:16,205.0,100,37550
20240101,12:56:20,204.5,200,37550
20240101,12:56:21,204.35,50,37550
20240101,12:56:37,205.6,150,37550
20240101,12:57:00,207.0,50,38300
20240101,12:57:35,207.2,50,38300
20240101,12:57:58,207.5,50,38300
20240101,12:58:41,208.95,50,38300
20240101,12:59:26,208.7,50,38300
20240101,13:00:38,208.3,300,38300
20240101,13:00:50,208.35,100,38100
20240101,13:00:56,208.5,300,38100
20240101,13:01:40,209.0,50,38100
20240101,13:02:26,205.0,250,38100
20240101,13:02:45,203.7,450,38100
20240101,13:03:36,204.0,200,38450
20240101,13:03:46,204.5,150,38450
20240101,13:03:55,204.0,100,38450
20240101,13:04:43,205.85,50,38450
20240101,13:05:11,206.45,50,38450
20240101,13:07:06,206.35,50,38400
20240101,13:07:33,207.65,100,38400
20240101,13:07:48,207.65,50,38400
20240101,13:08:42,207.1,100,38400
20240101,13:09:26,208.5,50,38250
20240101,13:09:53,208.6,250,38250
20240101,13:10:03,207.95,50,38250
20240101,13:10:46,208.3,50,38250
20240101,13:11:13,206.9,200,38250
20240101,13:11:36,206.65,150,38250
20240101,13:11:44,206.75,50,38250
20240101,13:11:54,207.0,50,38300
20240101,13:12:14,207.75,50,38300
20240101,13:12:16,207.15,200,38300
20240101,13:12:29,207.85,50,38300
20240101,13:15:12,201.6,700,38100
20240101,13:15:21,201.6,50,38100
20240101,13:16:17,204.0,100,38100
20240101,13:16:19,204.0,150,38100
20240101,13:18:36,203.15,50,39000
20240101,13:19:24,205.6,2000,39000
20240101,13:19:36,205.7,50,39000
20240101,13:20:01,204.55,50,39000
20240101,13:20:06,204.95,450,39000
20240101,13:20:08,204.9,150,39000
20240101,13:20:26,204.2,50,39000
20240101,13:20:29,203.8,200,39000
20240101,13:20:51,203.65,50,39000
20240101,13:21:14,204.7,250,38250
20240101,13:21:39,204.1,250,38250
20240101,13:22:15,202.1,350,38250
20240101,13:23:43,204.35,100,38250
20240101,13:26:03,202.3,350,39050
20240101,13:26:18,202.05,50,39050
20240101,13:26:21,202.3,350,39050
20240101,13:26:23,202.0,50,39050
20240101,13:26:25,202.55,50,39050
20240101,13:26:30,203.35,750,39050
20240101,13:28:49,202.0,100,39900
20240101,13:28:56,200.25,150,39900
20240101,13:30:03,198.75,50,39900
20240101,13:30:06,198.75,50,39900
20240101,13:30:28,197.2,200,39900
20240101,13:30:39,197.2,50,39900
20240101,13:30:46,200.35,50,39900
20240101,13:30:51,202.65,100,39900
20240101,13:30:53,203.0,100,39900
20240101,13:30:59,203.4,300,39900
20240101,13:31:34,205.4,50,39900
20240101,13:31:43,204.4,1150,39900
20240101,13:31:48,204.25,50,39900
20240101,13:32:03,203.2,150,39900
20240101,13:32:11,203.2,50,39900
20240101,13:32:23,202.1,300,39900
20240101,13:32:28,202.75,500,39900
20240101,13:33:52,202.95,250,40550
20240101,13:34:08,202.85,50,40550
20240101,13:34:21,202.7,100,40550
20240101,13:34:33,202.65,500,40550
20240101,13:34:38,204.15,700,40550
20240101,13:34:39,204.3,50,40550
20240101,13:34:41,205.0,50,40550
20240101,13:34:56,205.65,400,40550
20240101,13:34:59,206.0,100,40550
20240101,13:35:13,205.45,50,40550
20240101,13:35:34,204.5,50,40550
20240101,13:35:46,204.75,100,40550
20240101,13:35:51,204.5,50,40550
20240101,13:35:56,204.75,50,41350
20240101,13:36:24,205.2,50,41350
20240101,13:36:44,204.7,50,41350
20240101,13:37:38,205.8,100,41350
20240101,13:38:33,203.0,150,41350
20240101,13:38:56,204.2,150,41100
20240101,13:39:15,202.95,50,41100
20240101,13:40:34,204.05,200,41100
20240101,13:40:41,204.05,50,41100
20240101,13:41:06,203.8,50,41100
20240101,13:41:28,203.95,50,41100
20240101,13:44:16,205.8,50,40950
20240101,13:44:29,207.45,400,40950
20240101,13:44:31,207.45,400,40950
20240101,13:44:51,206.85,50,40950
20240101,13:45:16,204.0,200,40400
20240101,13:45:21,204.9,100,40400
20240101,13:45:22,204.8,100,40400
20240101,13:45:24,204.5,200,40400
20240101,13:46:01,202.5,250,40400
20240101,13:46:29,203.2,50,40400
20240101,13:46:42,203.15,50,40400
20240101,13:47:05,201.3,300,40400
20240101,13:47:17,201.05,50,40400
20240101,13:48:23,199.35,50,40250
20240101,13:48:43,199.25,2400,40250
20240101,13:48:53,200.0,100,40250
20240101,13:49:41,199.1,600,40250
20240101,13:49:51,199.15,500,40250
20240101,13:49:55,198.9,100,40250
20240101,13:50:01,198.2,50,40250
20240101,13:50:08,198.45,50,40250
20240101,13:50:14,200.0,100,40250
20240101,13:50:19,199.35,50,40250
20240101,13:50:21,197.75,100,40250
20240101,13:50:23,196.9,50,40250
20240101,13:50:26,196.9,50,40250
20240101,13:50:29,196.0,100,40250
20240101,13:50:31,195.6,50,40250
20240101,13:50:33,195.2,50,40250
20240101,13:50:36,195.0,250,40250
20240101,13:50:58,196.7,50,44000
20240101,13:51:01,196.35,100,44000
20240101,13:51:03,196.4,400,44000
20240101,13:52:05,199.85,50,44000
20240101,13:52:58,199.9,50,44000
20240101,13:53:54,199.55,100,44000
20240101,13:54:29,199.15,150,44100
20240101,13:56:44,197.85,50,44100
20240101,13:56:58,195.55,350,44250
20240101,13:57:04,193.9,100,44250
20240101,13:57:11,191.55,600,44250
20240101,13:57:13,191.25,50,44250
20240101,13:57:17,190.25,100,44250
20240101,13:57:22,190.0,50,44250
20240101,13:57:24,188.55,50,44250
20240101,13:57:26,188.1,50,44250
20240101,13:57:29,188.1,350,44250
20240101,13:57:32,191.05,50,44250
20240101,13:57:36,191.35,350,44250
20240101,13:57:37,190.4,200,44250
20240101,13:57:39,190.7,400,44250
20240101,13:57:41,190.2,100,44250
20240101,13:58:02,187.8,150,44250
20240101,13:58:04,186.85,50,44250
20240101,13:58:10,186.7,100,44250
20240101,13:58:12,186.45,450,44250
20240101,13:58:15,186.45,1300,44250
20240101,13:58:20,187.55,100,44250
20240101,13:58:24,187.95,50,44250
20240101,13:58:27,187.6,50,44250
20240101,13:58:35,187.5,50,44250
20240101,13:58:44,187.95,50,44250
20240101,13:58:49,188.4,50,44250
20240101,13:58:54,187.55,50,44250
20240101,13:58:57,187.55,50,44250
20240101,13:59:05,187.4,50,44250
20240101,13:59:24,188.9,500,44250
20240101,13:59:27,189.0,50,44250
20240101,13:59:30,189.55,50,44250
20240101,13:59:34,189.85,200,44250
20240101,13:59:35,190.35,700,44250
20240101,13:59:39,190.2,100,44250
20240101,13:59:47,188.95,50,44250
20240101,13:59:50,188.45,50,44250
20240101,13:59:52,188.8,50,44250
20240101,13:59:57,188.5,400,44250
20240101,14:00:00,189.1,50,45450
20240101,14:00:14,187.85,500,45450
20240101,14:00:15,188.0,800,45450
20240101,14:00:29,187.25,50,45450
20240101,14:00:46,185.0,550,45450
20240101,14:00:49,185.0,50,45450
20240101,14:00:51,184.95,50,45450
20240101,14:00:57,184.95,50,45450
20240101,14:01:12,186.9,350,45450
20240101,14:01:16,186.25,200,45450
20240101,14:01:17,186.25,50,45450
20240101,14:01:21,185.25,250,45450
20240101,14:01:22,185.45,250,45450
20240101,14:01:27,185.7,50,45450
20240101,14:01:39,184.8,50,45450
20240101,14:01:45,184.8,150,45450
20240101,14:01:49,185.3,50,45450
20240101,14:01:52,183.25,100,45450
20240101,14:01:55,183.1,100,45450
20240101,14:01:57,183.1,350,45450
20240101,14:02:00,182.8,100,45450
20240101,14:02:02,181.65,1150,45450
20240101,14:02:04,180.8,50,45450
20240101,14:02:15,180.8,50,45450
20240101,14:02:17,181.2,650,45450
20240101,14:02:24,180.2,50,45450
20240101,14:02:25,179.9,50,45450
20240101,14:02:27,179.9,50,45450
20240101,14:02:29,179.25,50,45450
20240101,14:02:42,179.1,50,45450
20240101,14:02:44,178.6,100,45450
20240101,14:02:46,178.6,300,45450
20240101,14:02:47,178.85,50,45450
20240101,14:02:49,177.6,100,45450
20240101,14:02:51,177.6,150,45450
20240101,14:02:52,177.6,100,45450
20240101,14:02:54,177.0,50,45450
20240101,14:02:56,177.0,200,45450
20240101,14:02:57,178.1,100,45450
20240101,14:03:01,179.1,450,47100
20240101,14:03:06,179.1,50,47100
20240101,14:03:07,178.9,600,47100
20240101,14:03:09,179.15,50,47100
20240101,14:03:11,179.35,150,47100
20240101,14:03:14,180.3,900,47100
20240101,14:03:16,180.4,50,47100
20240101,14:03:17,180.75,400,47100
20240101,14:03:22,180.0,50,47100
20240101,14:03:24,179.75,50,47100
20240101,14:03:31,179.2,50,47100
20240101,14:03:37,179.6,500,47100
20240101,14:03:41,179.6,50,47100
20240101,14:03:44,179.2,200,47100
20240101,14:03:47,179.65,50,47100
20240101,14:03:49,179.9,50,47100
20240101,14:03:56,180.5,350,47100
