date,time,tick_price,volume,open_interest
20240116,09:19:14,0.6,2850,5050
20240116,09:19:15,0.65,1050,5050
20240116,09:19:29,0.65,1150,5050
20240116,09:19:47,0.7,1000,5050
20240116,09:19:56,0.7,750,5050
20240116,09:20:25,0.7,100,5050
20240116,09:21:30,0.7,1000,5050
20240116,09:21:48,0.7,100,5050
20240116,09:22:24,0.65,50,5050
20240116,09:22:28,0.7,50,5050
20240116,09:22:29,0.65,250,5050
20240116,09:22:40,0.7,500,5050
20240116,09:22:41,0.7,100,5050
20240116,09:22:43,0.7,100,5050
20240116,09:22:46,0.7,100,5050
20240116,09:22:47,0.7,50,5050
20240116,09:22:49,0.7,100,5050
20240116,09:22:50,0.7,100,5050
20240116,09:22:53,0.7,50,5050
20240116,09:22:56,0.7,50,5050
20240116,09:22:57,0.7,50,5050
20240116,09:23:01,0.7,1400,5050
20240116,09:23:03,0.7,250,5050
20240116,09:23:06,0.75,100,5050
20240116,09:23:08,0.75,100,5050
20240116,09:23:11,0.75,50,5050
20240116,09:23:16,0.75,750,5050
20240116,09:24:03,0.75,250,7100
20240116,09:24:18,0.75,250,7100
20240116,09:24:54,0.7,400,7100
20240116,09:25:03,0.7,250,7100
20240116,09:25:11,0.7,1800,7100
20240116,09:25:21,0.7,300,7100
20240116,09:25:30,0.7,1850,7100
20240116,09:25:48,0.7,50,7100
20240116,09:25:51,0.7,50,7100
20240116,09:25:57,0.7,100,7100
20240116,09:26:01,0.7,50,7100
20240116,09:26:21,0.7,50,7100
20240116,09:26:54,0.7,250,7100
20240116,09:27:24,0.7,150,11400
20240116,09:28:06,0.7,50,11400
20240116,09:28:56,0.7,50,11400
20240116,09:30:31,0.7,50,11400
20240116,09:31:10,0.7,50,11900
20240116,09:31:35,0.7,500,11900
20240116,09:31:57,0.7,50,11900
20240116,09:33:44,0.7,50,11900
20240116,09:34:04,0.7,50,12550
20240116,09:34:09,0.7,50,12550
20240116,09:34:14,0.7,50,12550
20240116,09:34:17,0.7,700,12550
20240116,09:34:21,0.7,50,12550
20240116,09:36:23,0.7,1000,12550
20240116,09:37:05,0.7,150,13350
20240116,09:38:08,0.7,150,13350
20240116,09:38:54,0.7,50,13350
20240116,09:39:20,0.65,400,13350
20240116,09:39:27,0.65,250,13350
20240116,09:39:38,0.65,300,13350
20240116,09:40:01,0.65,250,13350
20240116,09:40:09,0.65,200,13350
20240116,09:44:07,0.65,1000,14000
20240116,09:46:34,0.65,550,14000
20240116,09:46:36,0.65,250,13800
20240116,09:48:04,0.65,250,13800
20240116,09:48:53,0.6,1800,14600
20240116,09:49:37,0.6,1800,14600
20240116,09:50:02,0.7,100,14600
20240116,09:53:18,0.7,550,14850
20240116,09:54:12,0.65,50,14850
20240116,10:01:50,0.6,150,14850
20240116,10:02:19,0.6,100,14850
20240116,10:04:25,0.65,50,14850
20240116,10:06:23,0.65,50,14850
20240116,10:11:30,0.65,50,14850
20240116,10:15:22,0.65,50,14850
20240116,10:20:23,0.6,1000,14850
20240116,10:21:13,0.6,1700,14850
20240116,10:21:14,0.6,1700,15850
20240116,10:21:16,0.6,1700,15850
20240116,10:21:19,0.6,3000,15850
20240116,10:21:19,0.6,250,15850
20240116,10:21:20,0.6,50,15850
20240116,10:21:21,0.6,250,15850
20240116,10:21:22,0.6,50,15850
20240116,10:21:23,0.6,50,15850
20240116,10:21:24,0.6,50,15850
20240116,10:21:25,0.6,50,15850
20240116,10:21:26,0.55,1700,15850
20240116,10:21:27,0.55,1750,15850
20240116,10:21:28,0.55,50,15850
20240116,10:21:29,0.55,1700,15850
20240116,10:21:32,0.55,1700,15850
20240116,10:21:36,0.55,1700,15850
20240116,10:21:39,0.55,2100,15850
20240116,10:21:40,0.55,300,15850
20240116,10:21:41,0.55,50,15850
20240116,10:21:42,0.55,50,15850
20240116,10:21:43,0.55,50,15850
20240116,10:21:44,0.55,50,15850
20240116,10:21:53,0.55,250,15850
20240116,10:22:13,0.55,50,15850
20240116,10:23:42,0.55,50,15850
20240116,10:23:57,0.55,50,26750
20240116,10:24:00,0.55,50,26750
20240116,10:24:03,0.55,50,26750
20240116,10:24:06,0.55,400,26750
20240116,10:24:09,0.55,250,26750
20240116,10:24:53,0.55,50,26750
20240116,10:24:59,0.55,50,26750
20240116,10:25:06,0.55,50,26750
20240116,10:25:19,0.55,500,26750
20240116,10:25:49,0.55,250,26750
20240116,10:25:52,0.55,250,26750
20240116,10:26:13,0.55,150,26750
20240116,10:26:22,0.55,50,26750
20240116,10:26:25,0.55,50,26750
20240116,10:27:32,0.55,250,26250
20240116,10:27:43,0.55,100,26250
20240116,10:28:13,0.55,100,26250
20240116,10:28:36,0.55,700,26250
20240116,10:28:39,0.55,250,26250
20240116,10:28:40,0.55,100,26250
20240116,10:29:02,0.55,250,26250
20240116,10:30:04,0.55,1000,26250
20240116,10:30:24,0.55,250,25500
20240116,10:30:32,0.55,50,25500
20240116,10:31:08,0.55,100,25500
20240116,10:32:05,0.55,700,25500
20240116,10:32:07,0.55,2450,25500
20240116,10:32:16,0.55,600,25500
20240116,10:32:17,0.55,750,25500
20240116,10:32:50,0.55,300,25500
20240116,10:33:05,0.55,5200,27200
20240116,10:33:22,0.6,200,27200
20240116,10:35:19,0.5,500,27200
20240116,10:35:28,0.5,250,27200
20240116,10:36:03,0.55,350,29150
20240116,10:36:56,0.55,150,29150
20240116,10:36:56,0.55,3600,29150
20240116,10:36:58,0.55,1850,29150
20240116,10:37:15,0.55,300,29150
20240116,10:37:17,0.55,300,29150
20240116,10:38:54,0.6,200,30400
20240116,10:38:59,0.55,550,30400
20240116,10:39:00,0.55,50,30400
20240116,10:39:02,0.55,50,30400
20240116,10:39:03,0.55,50,30400
20240116,10:39:04,0.55,50,30400
20240116,10:39:05,0.55,50,30400
20240116,10:39:06,0.6,300,30400
20240116,10:39:07,0.55,50,30400
20240116,10:40:37,0.55,250,30400
20240116,10:40:39,0.55,250,30400
20240116,10:41:13,0.6,150,30400
20240116,10:41:18,0.55,50,30400
20240116,10:41:31,0.55,50,30400
20240116,10:42:11,0.55,50,30400
20240116,10:42:21,0.55,50,31950
20240116,10:42:22,0.55,50,31950
20240116,10:42:55,0.55,250,31950
20240116,10:42:58,0.55,250,31950
20240116,10:43:12,0.6,200,31950
20240116,10:46:08,0.6,100,31950
20240116,10:46:18,0.6,1000,32100
20240116,10:47:17,0.6,450,32100
20240116,10:47:31,0.55,250,32100
20240116,10:48:35,0.6,50,32100
20240116,10:49:25,0.6,50,33350
20240116,10:49:29,0.6,100,33350
20240116,10:49:42,0.55,50,33350
20240116,10:50:43,0.55,50,33500
20240116,10:51:26,0.55,50,33500
20240116,10:51:54,0.6,250,33500
20240116,10:51:57,0.55,50,33500
20240116,10:52:03,0.6,1700,33500
20240116,10:52:22,0.6,350,33500
20240116,10:53:17,0.6,1600,33500
20240116,10:53:18,0.6,50,33500
20240116,10:53:19,0.6,50,33500
20240116,10:53:21,0.6,50,33500
20240116,10:53:22,0.6,50,33500
20240116,10:53:23,0.6,50,33500
20240116,10:55:39,0.6,250,36150
20240116,10:55:46,0.6,5000,36150
20240116,10:55:52,0.6,300,36150
20240116,10:55:55,0.6,250,36150
20240116,10:56:06,0.6,250,36150
20240116,10:56:17,0.6,250,36150
20240116,10:56:19,0.6,250,36150
20240116,10:56:32,0.6,1800,36150
20240116,10:56:42,0.6,50,36150
20240116,11:00:22,0.6,50,32300
20240116,11:00:27,0.6,250,32300
20240116,11:01:21,0.6,50,32300
20240116,11:03:09,0.6,250,32050
20240116,11:03:22,0.6,250,32050
20240116,11:08:26,0.55,100,31550
20240116,11:08:31,0.6,250,31550
20240116,11:08:36,0.6,300,31550
20240116,11:08:37,0.6,250,31550
20240116,11:09:18,0.6,50,31550
20240116,11:09:19,0.6,50,30750
20240116,11:10:42,0.6,350,30750
20240116,11:10:43,0.6,50,30750
20240116,11:10:44,0.6,50,30750
20240116,11:10:45,0.6,50,30750
20240116,11:11:28,0.6,2350,30750
20240116,11:17:26,0.6,100,30400
20240116,11:18:13,0.6,50,30400
20240116,11:18:19,0.6,50,30400
20240116,11:18:26,0.6,50,30400
20240116,11:19:09,0.6,250,30400
20240116,11:20:57,0.6,50,30150
20240116,11:21:04,0.6,50,30150
20240116,11:23:50,0.55,100,30150
20240116,11:24:29,0.55,200,30150
20240116,11:24:56,0.55,350,30150
20240116,11:29:14,0.55,50,30150
20240116,11:29:25,0.6,50,30150
20240116,11:31:50,0.6,250,30150
20240116,11:32:16,0.55,50,30150
20240116,11:35:02,0.6,3950,29950
20240116,11:35:03,0.6,100,29950
20240116,11:35:04,0.6,50,29950
20240116,11:35:17,0.6,50,29950
20240116,11:35:18,0.6,50,29950
20240116,11:36:20,0.6,50,27350
20240116,11:36:24,0.65,850,27350
20240116,11:36:31,0.6,50,27350
20240116,11:37:50,0.6,1700,27350
20240116,11:39:08,0.65,300,27350
20240116,11:43:25,0.65,50,27150
20240116,11:46:02,0.65,4550,27150
20240116,11:46:05,0.65,300,27200
20240116,11:46:14,0.65,250,27200
20240116,11:46:21,0.65,450,27200
20240116,11:50:23,0.65,50,27200
20240116,11:50:27,0.65,50,26500
20240116,11:51:44,0.7,50,26500
20240116,11:59:59,0.65,250,26450
20240116,12:00:00,0.65,350,26450
20240116,12:03:52,0.65,350,26650
20240116,12:04:10,0.7,50,26650
20240116,12:04:23,0.65,50,26650
20240116,12:04:40,0.7,50,26650
20240116,12:04:52,0.65,50,26650
20240116,12:05:16,0.7,50,26650
20240116,12:05:25,0.65,50,26650
20240116,12:05:27,0.65,50,26650
20240116,12:08:39,0.7,250,26650
20240116,12:09:19,0.7,8150,26400
20240116,12:09:30,0.7,50,26400
20240116,12:09:33,0.7,50,26400
20240116,12:09:43,0.7,50,26400
20240116,12:09:46,0.7,50,26400
20240116,12:11:03,0.7,450,26400
20240116,12:11:04,0.7,300,26400
20240116,12:11:12,0.7,250,26400
20240116,12:11:23,0.7,400,26400
20240116,12:11:32,0.7,250,26400
20240116,12:11:59,0.7,450,26400
20240116,12:12:09,0.75,50,25500
20240116,12:17:08,0.7,250,25500
20240116,12:17:33,0.7,1750,25350
20240116,12:20:28,0.75,100,23450
20240116,12:20:44,0.75,5150,23450
20240116,12:20:45,0.75,300,23450
20240116,12:22:13,0.7,400,23450
20240116,12:27:05,0.75,1000,26400
20240116,12:27:07,0.75,900,26400
20240116,12:27:08,0.75,100,26400
20240116,12:27:10,0.75,50,26400
20240116,12:27:33,0.75,50,26400
20240116,12:27:45,0.75,50,26400
20240116,12:27:48,0.75,50,26400
20240116,12:27:53,0.75,50,26400
20240116,12:28:00,0.75,50,26400
20240116,12:28:50,0.75,250,26400
20240116,12:28:55,0.75,250,26400
20240116,12:28:56,0.75,250,26400
20240116,12:28:57,0.75,350,26400
20240116,12:28:58,0.75,650,26400
20240116,12:29:56,0.75,1550,26400
20240116,12:34:10,0.75,50,25750
20240116,12:34:43,0.75,100,26300
20240116,12:35:53,0.75,100,26300
20240116,12:36:59,0.7,1500,26300
20240116,12:37:05,0.7,4550,26300
20240116,12:37:06,0.7,350,26300
20240116,12:37:07,0.75,550,26300
20240116,12:38:07,0.7,50,26300
20240116,12:38:22,0.7,50,26300
20240116,12:38:35,0.75,3700,26300
20240116,12:38:38,0.7,100,26300
20240116,12:38:42,0.7,100,26300
20240116,12:38:52,0.7,50,26300
20240116,12:40:37,0.7,50,26300
20240116,12:46:02,0.75,950,28200
20240116,12:48:39,0.7,400,28150
20240116,13:00:10,0.75,1100,27750
20240116,13:00:25,0.8,300,27750
20240116,13:02:05,0.8,200,27750
20240116,13:02:06,0.8,2200,27750
20240116,13:04:20,0.75,900,27750
20240116,13:05:20,0.7,5300,27850
20240116,13:05:22,0.75,250,27850
20240116,13:05:23,0.75,300,27850
20240116,13:05:24,0.75,950,27850
20240116,13:06:35,0.75,450,23250
20240116,13:09:11,0.75,100,23000
20240116,13:09:14,0.8,50,23000
20240116,13:09:30,0.8,50,23000
20240116,13:09:33,0.75,50,23000
20240116,13:09:57,0.75,4050,23000
20240116,13:09:59,0.7,50,23000
20240116,13:10:10,0.75,400,23000
20240116,13:10:10,0.75,350,23000
20240116,13:10:11,0.75,1000,23000
20240116,13:10:15,0.75,250,23000
20240116,13:10:20,0.75,250,23000
20240116,13:10:23,0.75,250,23000
20240116,13:10:23,0.75,50,23000
20240116,13:10:27,0.75,250,23000
20240116,13:10:30,0.75,50,23000
20240116,13:10:32,0.75,50,23000
20240116,13:10:47,0.7,300,23000
20240116,13:10:50,0.75,300,23000
20240116,13:11:13,0.7,50,23000
20240116,13:11:44,0.75,3100,23000
20240116,13:11:47,0.75,1800,23000
20240116,13:12:22,0.75,350,23850
20240116,13:12:30,0.8,50,23850
20240116,13:12:37,0.75,2500,23850
20240116,13:13:16,0.8,650,23850
20240116,13:16:17,0.8,1800,24600
20240116,13:17:17,0.8,1800,24600
20240116,13:17:26,0.8,2600,24600
20240116,13:17:27,0.8,50,24600
20240116,13:17:28,0.8,50,24600
20240116,13:17:29,0.8,50,24600
20240116,13:17:30,0.8,50,24600
20240116,13:17:31,0.8,1800,24600
20240116,13:17:32,0.8,600,24600
20240116,13:17:33,0.8,50,24600
20240116,13:17:34,0.8,2050,24600
20240116,13:17:35,0.8,1250,24600
20240116,13:19:10,0.8,250,30200
20240116,13:19:23,0.8,400,30200
20240116,13:19:54,0.8,300,30200
20240116,13:20:09,0.75,50,30200
20240116,13:20:48,0.8,50,30200
20240116,13:24:56,0.8,2350,30200
20240116,13:25:05,0.8,500,29750
20240116,13:25:06,0.8,950,29750
20240116,13:30:41,0.85,50,29750
20240116,13:30:55,0.85,50,28550
20240116,13:33:25,0.8,1000,28650
20240116,13:33:48,0.85,250,28650
20240116,13:33:51,0.85,250,28650
20240116,13:33:52,0.85,1000,28650
20240116,13:33:54,0.85,50,28650
20240116,13:35:13,0.85,250,28650
20240116,13:35:16,0.9,350,28650
20240116,13:35:20,0.9,600,28650
20240116,13:35:21,0.9,600,28650
20240116,13:39:15,0.9,250,28650
20240116,13:39:16,0.9,100,28600
20240116,13:40:01,0.9,100,28600
20240116,13:40:30,0.85,50,28600
20240116,13:41:29,0.85,300,28600
20240116,13:41:51,0.85,100,28600
20240116,13:41:52,0.85,200,28600
20240116,13:42:06,0.85,750,28450
20240116,13:42:06,0.85,1800,28450
20240116,13:42:13,0.85,3300,28450
20240116,13:42:23,0.8,250,28450
20240116,13:42:36,0.85,250,28450
20240116,13:43:25,0.8,50,28450
20240116,13:43:27,0.8,600,28450
20240116,13:44:43,0.8,400,28450
20240116,13:45:46,0.8,250,28450
20240116,13:48:11,0.8,2600,28950
20240116,13:48:12,0.8,1800,28950
20240116,13:48:23,0.8,300,28950
20240116,13:48:26,0.8,2400,28950
20240116,13:49:49,0.8,250,28950
20240116,13:50:00,0.8,250,28950
20240116,13:50:45,0.8,50,28950
20240116,14:00:29,0.75,550,33200
20240116,14:11:02,0.8,50,33200
20240116,14:12:51,0.75,250,33200
20240116,14:12:57,0.75,250,33200
20240116,14:15:19,0.8,1800,33200
20240116,14:15:24,0.8,50,33700
20240116,14:15:46,0.8,1800,33700
20240116,14:20:19,0.75,250,30100
20240116,14:20:38,0.75,250,30100
20240116,14:20:42,0.75,250,30100
20240116,14:20:52,0.75,600,30100
20240116,14:25:37,0.75,50,30850
20240116,14:26:09,0.8,950,30850
20240116,14:32:32,0.75,1800,30850
20240116,14:32:42,0.75,1800,30850
20240116,14:33:52,0.75,1600,34450
20240116,14:34:37,0.7,1800,34450
20240116,14:35:21,0.75,250,34450
20240116,14:35:26,0.75,250,34450
20240116,14:35:35,0.7,1000,34450
20240116,14:35:50,0.75,250,34450
20240116,14:36:23,0.75,250,33950
20240116,14:36:44,0.75,250,33950
20240116,14:37:23,0.75,900,33950
20240116,14:37:37,0.75,250,33950
20240116,14:39:03,0.75,450,33950
20240116,14:39:08,0.75,150,33950
20240116,14:40:18,0.75,400,33200
20240116,14:43:42,0.75,250,33200
20240116,14:44:25,0.75,1800,33200
20240116,14:46:36,0.75,200,33200
20240116,14:46:37,0.7,1800,33250
20240116,14:47:54,0.7,500,33250
20240116,14:50:02,0.7,3200,33250
20240116,14:50:02,0.65,8400,32950
20240116,14:50:15,0.65,450,32950
20240116,14:53:12,0.65,100,32950
20240116,14:55:46,0.6,200,34400
20240116,14:55:47,0.6,3750,34400
20240116,14:58:21,0.65,200,34400
20240116,14:58:27,0.65,50,32750
20240116,14:59:29,0.65,150,32750
20240116,15:01:14,0.65,250,32750
20240116,15:01:19,0.65,1800,32750
20240116,15:01:21,0.65,1800,32750
20240116,15:02:05,0.65,250,32750
20240116,15:03:56,0.65,50,28850
20240116,15:04:33,0.65,150,28850
20240116,15:08:56,0.65,1800,28850
20240116,15:08:58,0.65,1800,28850
20240116,15:09:00,0.65,150,28850
20240116,15:09:02,0.65,1750,28850
20240116,15:12:37,0.65,100,28850
20240116,15:12:45,0.65,600,25650
20240116,15:15:23,0.65,50,25050
20240116,15:21:01,0.65,100,25050
20240116,15:23:04,0.6,200,25050
20240116,15:23:10,0.6,200,25050
20240116,15:23:33,0.65,100,25050
20240116,15:24:12,0.6,400,25050
20240116,15:24:41,0.6,1000,25100
20240116,15:24:43,0.6,50,25100
20240116,15:24:47,0.6,100,25100
20240116,15:25:09,0.6,300,25100
20240116,15:25:10,0.6,300,25100
20240116,15:25:12,0.6,100,25100
20240116,15:25:58,0.6,850,25100
20240116,15:26:23,0.6,450,25100
20240116,15:27:20,0.6,100,25100
20240116,15:27:51,0.6,50,24750
20240116,15:28:25,0.65,200,24750
20240116,15:28:37,0.6,3750,24750
20240116,15:28:50,0.6,850,24750
20240116,15:29:16,0.6,1900,24750
20240117,09:15:01,0.55,1,24750
20240117,09:15:01,0.55,100,24750
20240117,09:15:02,0.6,50,21800
20240117,09:16:32,1.05,2200,21800
20240117,09:16:33,0.95,100,21800
20240117,09:16:37,1.2,1550,21800
20240117,09:16:40,1.3,450,21800
20240117,09:16:54,1.3,1200,21800
20240117,09:17:07,0.9,50,21800
20240117,09:17:11,0.9,250,21800
20240117,09:17:21,0.85,1800,21800
20240117,09:17:24,0.85,500,21800
20240117,09:17:47,0.8,2400,25250
20240117,09:17:50,0.85,450,25250
20240117,09:18:03,0.85,250,25250
20240117,09:18:07,0.85,2500,25250
20240117,09:18:23,0.9,150,25250
20240117,09:18:28,0.9,50,25250
20240117,09:18:39,0.85,300,25250
20240117,09:18:41,0.85,200,25250
20240117,09:18:57,0.75,50,25250
20240117,09:19:09,0.85,1300,25250
20240117,09:20:43,0.85,100,25250
20240117,09:22:13,0.8,50,29000
20240117,09:22:37,0.9,100,29000
20240117,09:22:39,0.9,700,29000
20240117,09:22:41,0.95,400,29000
20240117,09:22:50,0.9,250,29000
20240117,09:22:54,1.0,650,29000
20240117,09:22:57,0.95,250,29000
20240117,09:23:33,1.0,400,29000
20240117,09:23:52,1.05,700,28350
20240117,09:24:01,0.95,400,28350
20240117,09:24:30,0.95,1800,28350
20240117,09:25:01,1.0,50,28350
20240117,09:25:05,1.0,50,28350
20240117,09:25:16,1.0,1450,28350
20240117,09:25:17,1.3,50,28350
20240117,09:25:18,1.0,50,28350
20240117,09:25:21,1.0,100,28350
20240117,09:25:23,1.05,200,28350
20240117,09:25:25,1.0,50,28350
20240117,09:25:31,1.0,50,28350
20240117,09:25:34,1.05,250,28350
20240117,09:25:45,1.0,300,28350
20240117,09:25:48,1.0,200,28350
20240117,09:26:32,1.0,150,28350
20240117,09:26:36,1.0,100,31150
20240117,09:27:17,1.05,50,31150
20240117,09:27:50,0.95,1750,31150
20240117,09:28:16,1.0,200,31150
20240117,09:28:17,1.05,100,31150
20240117,09:28:24,1.0,50,31150
20240117,09:28:30,1.0,50,31150
20240117,09:28:49,1.05,200,31150
20240117,09:29:11,1.0,950,31150
20240117,09:29:27,1.0,100,31150
20240117,09:29:33,1.0,150,30650
20240117,09:29:41,1.0,1750,30650
20240117,09:30:03,1.0,1250,30650
20240117,09:30:34,1.0,1000,30650
20240117,09:30:40,1.0,250,30650
20240117,09:31:10,1.0,150,30650
20240117,09:31:25,1.0,100,30650
20240117,09:31:28,1.0,50,30650
20240117,09:31:31,1.0,250,30650
20240117,09:31:36,1.0,50,30650
20240117,09:31:39,1.0,250,30650
20240117,09:31:41,0.95,900,30650
20240117,09:31:42,0.95,250,30650
20240117,09:31:50,1.0,50,30650
20240117,09:32:04,1.05,50,30650
20240117,09:32:29,0.95,750,30650
20240117,09:32:30,0.95,50,30650
20240117,09:32:31,1.0,350,30650
20240117,09:32:44,1.0,250,32250
20240117,09:32:54,1.0,250,32250
20240117,09:32:57,1.0,300,32250
20240117,09:33:44,0.95,50,32250
20240117,09:35:21,0.95,400,32250
20240117,09:35:30,0.95,50,32250
20240117,09:35:36,0.95,150,31300
20240117,09:35:37,0.95,300,31300
20240117,09:35:50,0.95,850,31300
20240117,09:35:51,0.95,300,31300
20240117,09:35:53,0.95,150,31300
20240117,09:36:05,0.95,500,31300
20240117,09:36:50,0.9,350,31300
20240117,09:37:21,0.9,150,31300
20240117,09:37:43,0.9,600,31300
20240117,09:37:50,0.9,1600,31300
20240117,09:37:52,0.95,500,31300
20240117,09:37:53,0.95,500,31300
20240117,09:38:29,0.9,50,31300
20240117,09:39:35,1.0,1900,31300
20240117,09:40:01,1.0,200,32250
20240117,09:40:03,1.0,2400,32250
20240117,09:40:04,1.05,1300,32250
20240117,09:40:11,1.0,300,32250
20240117,09:40:13,1.0,1900,32250
20240117,09:40:18,1.05,1800,32250
20240117,09:40:20,1.0,50,32250
20240117,09:40:22,0.95,300,32250
20240117,09:40:23,0.95,250,32250
20240117,09:40:43,1.05,50,32250
20240117,09:41:01,0.95,400,32250
20240117,09:41:06,0.95,150,32250
20240117,09:41:07,1.0,50,32250
20240117,09:41:59,1.0,100,32250
20240117,09:42:39,1.0,150,37150
20240117,09:42:45,0.95,1800,37150
20240117,09:43:12,0.95,100,37150
20240117,09:45:06,1.05,9200,37150
20240117,09:45:06,1.05,50,37400
20240117,09:45:08,1.05,50,37400
20240117,09:45:09,1.05,50,37400
20240117,09:45:10,1.05,350,37400
20240117,09:45:11,1.05,700,37400
20240117,09:45:13,1.05,50,37400
20240117,09:45:14,1.05,50,37400
20240117,09:45:15,1.05,50,37400
20240117,09:45:16,1.05,50,37400
20240117,09:45:20,1.0,150,37400
20240117,09:45:35,1.0,500,37400
20240117,09:45:45,1.0,350,37400
20240117,09:45:51,1.0,500,37400
20240117,09:46:09,1.0,1250,37400
20240117,09:46:10,1.0,250,37400
20240117,09:46:21,1.0,500,37400
20240117,09:46:34,1.0,500,37400
20240117,09:46:46,1.0,150,37400
20240117,09:46:52,1.0,850,37400
20240117,09:46:59,1.05,4400,37400
20240117,09:47:01,1.0,2350,37400
20240117,09:47:16,1.0,250,37400
20240117,09:47:20,1.0,50,37400
20240117,09:47:29,1.05,2950,37400
20240117,09:47:30,1.05,50,37400
20240117,09:47:36,1.0,400,37400
20240117,09:47:55,0.95,300,53950
20240117,09:47:56,1.05,100,53950
20240117,09:47:58,0.95,300,53950
20240117,09:48:47,1.0,50,53950
20240117,09:49:00,1.0,400,53950
20240117,09:49:12,1.0,50,53950
20240117,09:49:28,1.0,200,53950
20240117,09:49:29,1.0,100,53950
20240117,09:50:20,0.95,50,53950
20240117,09:50:43,0.95,3500,55050
20240117,09:50:53,0.9,50,55050
20240117,09:52:03,0.95,2200,55050
20240117,09:53:41,0.9,1800,54200
20240117,09:53:44,0.9,1800,54200
20240117,09:54:04,0.9,1800,54200
20240117,09:54:21,0.9,50,54200
20240117,09:54:48,0.85,100,54200
20240117,09:54:53,0.9,250,54200
20240117,09:54:59,0.9,50,54200
20240117,09:55:02,0.85,1800,54200
20240117,09:55:04,0.85,400,54200
20240117,09:55:08,0.85,1800,54200
20240117,09:56:01,0.85,3000,54200
20240117,09:56:04,0.85,3000,54200
20240117,09:56:10,0.9,350,54200
20240117,09:56:25,0.85,1800,54200
20240117,09:56:52,0.85,1800,54200
20240117,09:57:12,0.9,1800,60700
20240117,09:57:51,0.9,1800,60700
20240117,09:57:53,0.9,1800,60700
20240117,09:57:54,0.9,1800,60700
20240117,09:58:13,0.9,250,60700
20240117,09:58:25,0.9,800,60700
20240117,09:58:27,0.9,50,60700
20240117,09:59:03,0.85,600,60700
20240117,09:59:16,0.85,50,60700
20240117,10:00:19,0.85,1100,60700
20240117,10:00:54,0.9,50,54450
20240117,10:00:57,0.9,250,54450
20240117,10:01:24,0.9,1200,54450
20240117,10:03:10,0.95,150,54850
20240117,10:03:23,0.95,50,54850
20240117,10:04:23,0.95,50,54850
20240117,10:05:59,0.85,100,54850
20240117,10:06:06,0.85,550,55100
20240117,10:06:17,0.9,50,55100
20240117,10:07:43,0.85,50,55100
20240117,10:07:53,0.9,100,55100
20240117,10:08:38,0.95,800,55100
20240117,10:08:56,0.9,50,54600
20240117,10:09:06,0.95,50,54600
20240117,10:09:28,0.9,950,54600
20240117,10:09:53,0.9,100,54600
20240117,10:10:12,0.9,750,54600
20240117,10:10:27,0.95,1800,54600
20240117,10:10:36,0.95,750,54600
20240117,10:12:40,0.95,100,54600
20240117,10:15:14,0.9,50,54300
20240117,10:16:13,0.95,2300,54300
20240117,10:16:16,0.95,100,54300
20240117,10:16:30,0.95,200,54300
20240117,10:16:34,0.95,500,54300
20240117,10:17:07,0.9,50,54300
20240117,10:17:33,0.95,50,54300
20240117,10:17:49,0.95,1000,54550
20240117,10:17:57,0.9,50,54550
20240117,10:18:48,0.95,50,54550
20240117,10:19:11,0.95,250,54550
20240117,10:20:49,0.95,150,55550
20240117,10:21:00,0.95,50,55550
20240117,10:25:33,0.9,500,55550
20240117,10:25:43,0.9,700,55750
20240117,10:26:11,0.9,50,55750
20240117,10:26:13,0.9,600,55750
20240117,10:27:00,0.9,250,55750
20240117,10:27:00,0.9,250,55700
20240117,10:27:34,0.95,50,55700
20240117,10:28:04,0.9,500,55700
20240117,10:30:19,0.95,50,55700
20240117,10:30:50,0.95,1000,55700
20240117,10:32:18,0.95,50,55700
20240117,10:32:53,0.95,50,56600
20240117,10:35:03,0.9,250,56600
20240117,10:35:51,0.9,1600,56650
20240117,10:37:14,0.95,1450,56650
20240117,10:37:21,0.95,250,56650
20240117,10:37:46,0.95,50,56650
20240117,10:37:53,0.95,50,56650
20240117,10:37:55,1.0,50,56650
20240117,10:38:12,1.0,50,56650
20240117,10:38:24,0.95,50,56650
20240117,10:38:31,0.95,50,56650
20240117,10:38:50,1.0,1800,56650
20240117,10:39:02,1.0,700,57000
20240117,10:39:16,1.0,200,57000
20240117,10:39:23,1.05,50,57000
20240117,10:39:24,0.95,50,57000
20240117,10:39:28,0.95,50,57000
20240117,10:39:34,0.95,250,57000
20240117,10:39:36,0.95,250,57000
20240117,10:39:38,0.95,250,57000
20240117,10:40:05,1.0,1800,57000
20240117,10:40:06,1.0,100,57000
20240117,10:40:08,1.05,4100,57000
20240117,10:40:10,1.05,1950,57000
20240117,10:40:11,1.0,50,57000
20240117,10:40:24,1.0,2050,57000
20240117,10:40:27,1.0,1000,57000
20240117,10:40:41,1.0,1000,57000
20240117,10:40:47,1.0,350,57000
20240117,10:41:20,1.0,2000,57000
20240117,10:43:12,1.0,850,57000
20240117,10:43:14,1.05,50,64100
20240117,10:43:44,1.05,100,64100
20240117,10:43:44,1.05,1800,64100
20240117,10:43:45,1.05,250,64100
20240117,10:44:03,1.05,50,64100
20240117,10:44:06,1.05,500,64100
20240117,10:44:16,1.05,300,64100
20240117,10:44:35,1.05,250,64100
20240117,10:44:35,1.05,750,64100
20240117,10:46:20,1.05,50,64100
20240117,10:46:40,1.0,250,63450
20240117,10:46:59,1.05,50,63450
20240117,10:47:13,1.0,50,63450
20240117,10:47:22,1.0,200,63450
20240117,10:47:27,1.0,1650,63450
20240117,10:47:40,1.0,300,63450
20240117,10:47:41,1.0,250,63450
20240117,10:47:43,1.0,50,63450
20240117,10:47:46,1.0,250,64600
20240117,10:47:49,1.0,1300,64600
20240117,10:47:50,1.0,1900,64600
20240117,10:47:54,0.95,50,64600
20240117,10:48:02,1.0,200,64600
20240117,10:48:12,1.0,250,64600
20240117,10:48:20,1.0,50,64600
20240117,10:48:24,1.0,50,64600
20240117,10:49:04,1.0,150,64600
20240117,10:49:36,1.0,100,64600
20240117,10:50:18,1.0,150,64600
20240117,10:51:03,1.0,250,64600
20240117,10:51:20,1.05,500,63800
20240117,10:51:50,1.0,1700,63800
20240117,10:52:05,1.05,100,63800
20240117,10:52:26,1.0,150,63800
20240117,10:53:36,1.0,2750,63800
20240117,10:54:35,1.0,500,63850
20240117,10:55:09,1.05,400,63850
20240117,10:55:13,1.0,1500,63850
20240117,10:55:49,1.05,50,63850
20240117,10:56:03,1.05,500,63850
20240117,10:58:01,1.05,1800,63850
20240117,10:58:03,1.05,1800,63350
20240117,10:58:04,1.05,1800,63350
20240117,10:58:05,1.05,300,63350
20240117,10:58:06,1.05,250,63350
20240117,10:59:26,1.05,50,63350
20240117,10:59:31,1.05,450,63350
20240117,10:59:34,1.05,750,63350
20240117,11:00:46,1.05,550,63550
20240117,11:00:49,1.05,50,63550
20240117,11:00:50,1.05,1000,63550
20240117,11:01:43,1.05,5000,63550
20240117,11:01:56,1.05,50,63550
20240117,11:02:01,1.05,1800,63550
20240117,11:02:03,1.05,1800,63550
20240117,11:02:40,1.05,50,63550
20240117,11:02:47,1.05,50,66050
20240117,11:04:05,1.05,250,66050
20240117,11:04:21,1.1,1800,66050
20240117,11:04:46,1.15,50,66050
20240117,11:05:00,1.05,50,66050
20240117,11:05:02,1.05,100,66050
20240117,11:05:36,1.1,200,66050
20240117,11:05:42,1.1,50,66050
20240117,11:05:45,1.1,300,66050
20240117,11:05:59,1.1,250,66050
20240117,11:06:03,1.1,250,67150
20240117,11:06:09,1.1,5400,67150
20240117,11:07:12,1.15,50,67150
20240117,11:08:08,1.1,800,67150
20240117,11:08:27,1.15,50,67150
20240117,11:08:58,1.15,50,67150
20240117,11:09:21,1.15,100,64450
20240117,11:09:29,1.1,350,64450
20240117,11:10:14,1.1,900,64450
20240117,11:10:41,1.15,100,64450
20240117,11:11:12,1.15,200,64450
20240117,11:11:26,1.15,200,64450
20240117,11:11:49,1.1,50,63850
20240117,11:16:06,1.1,100,63850
20240117,11:16:56,1.15,2200,63800
20240117,11:17:00,1.15,1800,63800
20240117,11:17:04,1.15,2200,63800
20240117,11:17:06,1.1,2750,63800
20240117,11:17:09,1.15,100,63800
20240117,11:17:20,1.15,2100,63800
20240117,11:21:10,1.15,1800,63800
20240117,11:21:12,1.15,1800,61700
20240117,11:21:41,1.15,2200,61700
20240117,11:21:42,1.15,500,61700
20240117,11:22:16,1.15,50,61700
20240117,11:22:24,1.15,1000,61700
20240117,11:22:54,1.15,350,61700
20240117,11:23:04,1.15,50,61700
20240117,11:24:22,1.15,350,62800
20240117,11:24:32,1.1,400,62800
20240117,11:26:37,1.1,100,62800
20240117,11:26:53,1.1,200,62800
20240117,11:27:22,1.1,350,62800
20240117,11:28:40,1.15,200,62800
20240117,11:28:43,1.1,50,62800
20240117,11:30:25,1.15,400,62800
20240117,11:30:53,1.1,100,62800
20240117,11:31:00,1.1,100,62800
20240117,11:31:39,1.1,50,62800
20240117,11:31:48,1.1,250,62800
20240117,11:31:58,1.1,200,62800
20240117,11:33:47,1.15,1800,62600
20240117,11:34:07,1.15,50,62600
20240117,11:34:09,1.15,1800,62600
20240117,11:34:18,1.15,400,62600
20240117,11:34:19,1.15,1800,62600
20240117,11:34:23,1.15,1800,62600
20240117,11:34:31,1.15,1800,62600
20240117,11:34:46,1.1,50,62600
20240117,11:36:00,1.15,2200,63250
20240117,11:36:06,1.1,1150,63250
20240117,11:36:11,1.15,400,63250
20240117,11:36:15,1.15,1000,63250
20240117,11:36:27,1.15,1200,63250
20240117,11:36:28,1.2,100,63250
20240117,11:36:30,1.15,50,63250
20240117,11:37:12,1.2,900,63250
20240117,11:37:17,1.2,1000,63250
20240117,11:38:14,1.2,850,63250
20240117,11:38:47,1.2,3600,63250
20240117,11:38:48,1.2,6400,63250
20240117,11:38:58,1.2,1800,62350
20240117,11:38:59,1.2,1800,62350
20240117,11:39:00,1.2,3600,62350
20240117,11:39:01,1.2,3350,62350
20240117,11:39:42,1.25,250,62350
20240117,11:39:49,1.25,250,62350
20240117,11:39:52,1.25,1550,62350
20240117,11:40:03,1.3,2250,62350
20240117,11:40:13,1.3,850,62350
20240117,11:40:15,1.3,150,62350
20240117,11:40:21,1.35,1800,62350
20240117,11:40:25,1.35,400,62350
20240117,11:41:09,1.4,1800,62350
20240117,11:41:15,1.4,250,62350
20240117,11:41:27,1.4,100,62350
20240117,11:42:08,1.45,1800,65450
20240117,11:42:37,1.5,2600,65450
20240117,11:42:38,1.5,300,65450
20240117,11:42:48,1.5,900,65450
20240117,11:43:05,1.5,350,65450
20240117,11:43:13,1.55,50,65450
20240117,11:43:21,1.6,550,65450
20240117,11:43:22,1.6,50,65450
20240117,11:43:27,1.55,350,65450
20240117,11:43:33,1.55,300,65450
20240117,11:43:43,1.55,350,65450
20240117,11:43:45,1.55,350,65450
20240117,11:44:02,1.55,1400,65450
20240117,11:44:05,1.6,7200,65450
20240117,11:44:06,1.6,200,65450
20240117,11:44:14,1.6,1000,65450
20240117,11:44:16,1.65,250,65450
20240117,11:44:25,1.65,50,65450
20240117,11:44:36,1.65,50,65450
20240117,11:45:02,1.65,400,71700
20240117,11:45:06,1.7,1800,71700
20240117,11:45:08,1.7,400,71700
20240117,11:45:09,1.7,400,71700
20240117,11:45:11,1.7,200,71700
20240117,11:45:14,1.75,1500,71700
20240117,11:45:16,1.75,350,71700
20240117,11:45:18,1.8,200,71700
20240117,11:45:19,1.8,250,71700
20240117,11:45:20,1.8,50,71700
20240117,11:46:03,1.8,50,71700
20240117,11:46:31,1.85,1700,71700
20240117,11:46:40,1.85,900,71700
20240117,11:46:41,1.85,900,71700
20240117,11:47:03,1.85,1800,71700
20240117,11:47:20,1.85,1800,71700
20240117,11:48:33,1.85,1800,79900
20240117,11:48:35,1.8,200,79900
20240117,11:48:44,1.8,250,79900
20240117,11:48:45,1.8,50,79900
20240117,11:49:01,1.75,10000,79900
20240117,11:50:24,1.8,450,79900
20240117,11:50:27,1.85,6850,79900
20240117,11:52:37,1.8,400,69400
20240117,11:53:13,1.8,500,69400
20240117,11:53:17,1.8,350,69400
20240117,11:53:25,1.8,800,69400
20240117,11:53:47,1.8,900,69400
20240117,11:54:15,1.75,250,69500
20240117,11:54:20,1.8,1750,69500
20240117,11:54:49,1.8,50,69500
20240117,11:55:08,1.8,250,69500
20240117,11:55:20,1.8,250,69500
20240117,11:56:16,1.7,1700,69500
20240117,11:56:18,1.7,250,69500
20240117,11:56:23,1.7,50,69500
20240117,11:56:48,1.7,250,69500
20240117,11:57:02,1.7,300,70850
20240117,11:57:10,1.75,700,70850
20240117,11:57:28,1.7,600,70850
20240117,11:57:53,1.7,500,70850
20240117,11:59:03,1.75,50,70850
20240117,12:00:34,1.75,5000,70100
20240117,12:01:10,1.75,50,70100
20240117,12:01:21,1.7,100,70100
20240117,12:02:04,1.75,500,70100
20240117,12:02:12,1.7,50,70100
20240117,12:03:03,1.7,650,75000
20240117,12:03:06,1.7,50,75000
20240117,12:03:20,1.7,600,75000
20240117,12:03:58,1.7,500,75000
20240117,12:04:49,1.7,250,75000
20240117,12:04:51,1.7,350,75000
20240117,12:04:53,1.7,250,75000
20240117,12:04:56,1.7,250,75000
20240117,12:05:00,1.7,200,75000
20240117,12:05:20,1.7,1000,75000
20240117,12:05:21,1.7,1050,75000
20240117,12:05:23,1.7,50,75000
20240117,12:05:24,1.7,500,75000
20240117,12:05:47,1.7,250,75000
20240117,12:06:07,1.7,800,75350
20240117,12:06:47,1.7,650,75350
20240117,12:07:03,1.7,1300,75350
20240117,12:07:28,1.65,250,75350
20240117,12:07:34,1.65,50,75350
20240117,12:07:44,1.65,850,75350
20240117,12:07:50,1.65,350,75350
20240117,12:08:00,1.65,800,75350
20240117,12:08:01,1.65,800,75350
20240117,12:08:09,1.65,250,75350
20240117,12:08:19,1.65,350,75350
20240117,12:08:22,1.65,450,75350
20240117,12:08:38,1.6,200,75350
20240117,12:08:43,1.6,600,75350
20240117,12:09:25,1.6,50,75350
20240117,12:09:35,1.55,800,75600
20240117,12:09:39,1.55,300,75600
20240117,12:09:55,1.55,50,75600
20240117,12:10:15,1.55,600,75600
20240117,12:10:32,1.55,600,75600
20240117,12:10:34,1.55,200,75600
20240117,12:11:47,1.55,800,75600
20240117,12:13:05,1.55,50,75600
20240117,12:13:06,1.55,1250,76300
20240117,12:13:30,1.5,350,76300
20240117,12:13:34,1.55,400,76300
20240117,12:13:37,1.55,50,76300
20240117,12:13:52,1.55,50,76300
20240117,12:13:55,1.55,500,76300
20240117,12:14:05,1.55,50,76300
20240117,12:14:08,1.55,200,76300
20240117,12:14:10,1.55,50,76300
20240117,12:14:13,1.55,50,76300
20240117,12:14:47,1.55,650,76300
20240117,12:15:22,1.5,100,76100
20240117,12:16:58,1.5,1700,76100
20240117,12:17:26,1.45,100,76100
20240117,12:18:42,1.45,500,75250
20240117,12:18:53,1.45,550,75250
20240117,12:18:55,1.45,50,75250
20240117,12:19:04,1.45,550,75250
20240117,12:20:02,1.45,100,75250
20240117,12:20:45,1.4,300,75250
20240117,12:21:48,1.4,550,75250
20240117,12:22:11,1.4,250,75900
20240117,12:22:12,1.4,250,75900
20240117,12:22:36,1.4,350,75900
20240117,12:22:37,1.4,350,75900
20240117,12:22:41,1.4,300,75900
20240117,12:22:42,1.4,300,75900
20240117,12:22:51,1.4,550,75900
20240117,12:23:26,1.4,50,75900
20240117,12:23:27,1.4,300,75900
20240117,12:23:52,1.4,1000,75900
20240117,12:25:18,1.4,1800,80100
20240117,12:25:31,1.4,50,80100
20240117,12:25:35,1.4,1600,80100
20240117,12:25:54,1.35,800,80100
20240117,12:26:11,1.35,3000,80100
20240117,12:26:21,1.35,1600,80100
20240117,12:27:09,1.35,50,82300
20240117,12:27:11,1.35,50,82300
20240117,12:27:16,1.35,50,82300
20240117,12:27:22,1.35,300,82300
20240117,12:27:23,1.35,50,82300
20240117,12:27:28,1.35,50,82300
20240117,12:27:34,1.35,50,82300
20240117,12:27:51,1.35,50,82300
20240117,12:28:06,1.35,250,82300
20240117,12:28:08,1.35,50,82300
20240117,12:28:34,1.3,1800,82300
20240117,12:28:38,1.35,50,82300
20240117,12:28:43,1.3,4000,82300
20240117,12:28:47,1.3,50,82300
20240117,12:29:58,1.3,100,82300
20240117,12:30:01,1.3,50,84050
20240117,12:30:13,1.3,300,84050
20240117,12:30:14,1.3,250,84050
20240117,12:30:15,1.3,250,84050
20240117,12:30:18,1.3,50,84050
20240117,12:30:23,1.3,50,84050
20240117,12:30:33,1.3,100,84050
20240117,12:30:36,1.3,50,84050
20240117,12:31:33,1.3,300,84050
20240117,12:31:41,1.3,250,84050
20240117,12:31:43,1.3,50,84050
20240117,12:31:53,1.3,100,84050
20240117,12:32:17,1.3,500,84050
20240117,12:32:49,1.25,1800,84050
20240117,12:32:50,1.25,3100,84050
20240117,12:33:02,1.25,200,84050
20240117,12:34:32,1.3,150,85900
20240117,12:34:43,1.3,250,85900
20240117,12:38:32,1.3,1800,85450
20240117,12:39:29,1.25,50,85450
20240117,12:39:42,1.3,3950,85450
20240117,12:40:04,1.25,50,85450
20240117,12:40:42,1.25,50,85450
20240117,12:40:54,1.3,1800,85450
20240117,12:41:02,1.25,350,85450
20240117,12:42:28,1.3,500,89950
20240117,12:42:40,1.3,150,89950
20240117,12:43:02,1.3,250,89950
20240117,12:43:06,1.3,500,89950
20240117,12:43:07,1.3,350,89950
20240117,12:43:32,1.3,250,89950
20240117,12:43:44,1.3,250,89950
20240117,12:43:57,1.3,250,89950
20240117,12:44:42,1.3,250,89950
20240117,12:45:22,1.3,1800,90600
20240117,12:45:23,1.3,350,90600
20240117,12:45:35,1.3,100,90600
20240117,12:45:40,1.3,100,90600
20240117,12:45:42,1.3,12450,90600
20240117,12:48:28,1.3,11300,90600
20240117,12:50:33,1.25,1150,104300
20240117,12:50:45,1.25,250,104300
20240117,12:51:27,1.25,300,102350
20240117,12:51:28,1.25,250,102350
20240117,12:51:52,1.25,900,102350
20240117,12:51:59,1.3,50,102350
20240117,12:52:19,1.3,50,102350
20240117,12:53:18,1.3,100,102350
20240117,12:54:22,1.3,50,101900
20240117,12:54:35,1.3,50,101900
20240117,12:54:55,1.3,50,101900
20240117,12:55:06,1.3,50,101900
20240117,12:55:10,1.3,200,101900
20240117,12:55:28,1.3,150,101900
20240117,12:55:31,1.3,150,101900
20240117,12:55:34,1.3,50,101900
20240117,12:56:07,1.3,50,101900
20240117,12:56:48,1.3,1800,101900
20240117,12:56:55,1.3,1800,101900
20240117,12:58:17,1.3,5000,98000
20240117,12:58:49,1.3,250,98000
20240117,12:58:57,1.3,150,98000
20240117,12:59:19,1.3,200,98000
20240117,12:59:59,1.3,550,98000
20240117,13:00:09,1.35,50,98000
20240117,13:00:10,1.3,400,98000
20240117,13:02:57,1.35,50,98000
20240117,13:03:35,1.35,50,98000
20240117,13:04:16,1.25,500,98100
20240117,13:04:28,1.25,50,98100
20240117,13:07:34,1.35,500,98100
20240117,13:07:38,1.35,500,98150
20240117,13:07:40,1.35,500,98150
20240117,13:07:54,1.35,50,98150
20240117,13:08:22,1.25,50,98150
20240117,13:09:22,1.25,500,99700
20240117,13:12:09,1.3,5400,99700
20240117,13:13:12,1.3,2150,99700
20240117,13:13:39,1.35,250,99700
20240117,13:14:52,1.35,250,99700
20240117,13:14:54,1.35,250,99700
20240117,13:15:01,1.35,250,99700
20240117,13:15:03,1.35,50,100800
20240117,13:15:06,1.35,550,100800
20240117,13:16:03,1.35,100,100800
20240117,13:16:15,1.3,4700,100800
20240117,13:16:16,1.3,50,100800
20240117,13:16:34,1.3,700,100800
20240117,13:16:34,1.3,50,100800
20240117,13:16:36,1.3,350,100800
20240117,13:17:16,1.35,1800,100800
20240117,13:18:33,1.25,650,102650
20240117,13:18:56,1.25,250,102650
20240117,13:20:30,1.3,250,102650
20240117,13:20:31,1.3,350,102650
20240117,13:20:38,1.35,100,102650
20240117,13:20:40,1.35,1800,102650
20240117,13:24:58,1.3,50,103950
20240117,13:25:43,1.35,350,103950
20240117,13:25:57,1.35,200,103950
20240117,13:27:54,1.3,250,103950
20240117,13:28:27,1.3,50,104500
20240117,13:29:25,1.3,250,104500
20240117,13:29:50,1.3,500,104500
20240117,13:29:56,1.3,100,104500
20240117,13:29:57,1.3,400,104500
20240117,13:30:06,1.35,100,105250
20240117,13:30:35,1.35,250,105250
20240117,13:31:58,1.35,100,105250
20240117,13:32:40,1.3,50,105250
20240117,13:32:58,1.35,50,105250
20240117,13:33:33,1.3,100,105250
20240117,13:33:42,1.35,500,105750
20240117,13:34:13,1.35,50,105750
20240117,13:34:20,1.3,100,105750
20240117,13:34:21,1.3,1150,105750
20240117,13:34:53,1.35,50,105750
20240117,13:35:53,1.25,50,105750
20240117,13:36:35,1.3,50,105750
20240117,13:37:06,1.3,250,106350
20240117,13:37:46,1.3,2100,106350
20240117,13:37:57,1.25,50,106350
20240117,13:38:22,1.3,1800,106350
20240117,13:38:27,1.25,50,106350
20240117,13:38:51,1.3,1100,106350
20240117,13:39:05,1.3,2400,106350
20240117,13:39:06,1.35,400,106350
20240117,13:39:26,1.3,2100,106800
20240117,13:39:34,1.3,1800,106800
20240117,13:39:41,1.3,1800,106800
20240117,13:39:43,1.35,1800,106800
20240117,13:39:48,1.3,1800,106800
20240117,13:39:51,1.35,1800,106800
20240117,13:39:52,1.35,1800,106800
20240117,13:39:56,1.3,50,106800
20240117,13:40:07,1.35,150,106800
20240117,13:41:06,1.35,50,106800
20240117,13:43:10,1.35,250,106800
20240117,13:43:56,1.3,1000,113450
20240117,13:44:06,1.35,50,113450
20240117,13:44:12,1.3,50,113450
20240117,13:44:15,1.3,1050,113450
20240117,13:45:04,1.3,50,113450
20240117,13:45:45,1.35,50,113450
20240117,13:45:46,1.3,250,113450
20240117,13:46:02,1.35,250,113450
20240117,13:46:28,1.3,250,113450
20240117,13:46:55,1.3,250,113450
20240117,13:47:05,1.35,50,113450
20240117,13:47:17,1.35,250,113450
20240117,13:47:29,1.3,500,113450
20240117,13:49:57,1.35,100,113450
20240117,13:50:23,1.35,50,113450
20240117,13:51:09,1.35,3600,113450
20240117,13:51:32,1.3,100,113450
20240117,13:51:35,1.3,2850,113450
20240117,13:51:36,1.3,250,113450
20240117,13:53:03,1.25,100,113450
20240117,13:53:28,1.3,50,113450
20240117,13:54:15,1.3,250,108950
20240117,13:54:19,1.25,1800,108950
20240117,13:54:43,1.25,350,108950
20240117,13:55:44,1.25,700,108950
20240117,13:56:06,1.3,1800,108950
20240117,13:56:07,1.3,1800,108950
20240117,13:56:08,1.3,5400,108950
20240117,13:56:10,1.3,4300,108950
20240117,13:56:11,1.3,100,108950
20240117,13:56:31,1.3,450,108950
20240117,13:56:42,1.3,400,108950
20240117,13:56:44,1.3,450,108950
20240117,13:56:46,1.3,200,108950
20240117,13:56:48,1.3,450,108950
20240117,13:56:50,1.3,450,108950
20240117,13:56:52,1.3,450,108950
20240117,13:56:53,1.3,450,108950
20240117,13:56:58,1.3,900,108950
20240117,13:57:07,1.3,250,108950
20240117,13:57:08,1.3,50,108950
20240117,13:57:13,1.35,450,119400
20240117,13:57:15,1.35,150,119400
20240117,13:57:20,1.35,200,119400
20240117,13:57:24,1.35,250,119400
20240117,13:57:42,1.3,50,119400
20240117,13:57:52,1.35,900,119400
20240117,13:58:02,1.35,150,119400
20240117,13:58:03,1.35,150,119400
20240117,13:58:36,1.3,500,119400
20240117,13:58:46,1.35,300,119400
20240117,14:00:21,1.3,50,122350
20240117,14:00:47,1.3,400,122350
20240117,14:00:49,1.3,200,122350
20240117,14:00:51,1.3,200,122350
20240117,14:00:52,1.3,200,122350
20240117,14:01:25,1.3,750,122350
20240117,14:03:57,1.3,4050,122550
20240117,14:04:04,1.3,3400,122550
20240117,14:04:29,1.3,50,122550
20240117,14:04:50,1.25,300,122550
20240117,14:05:23,1.25,100,122550
20240117,14:05:30,1.3,500,122550
20240117,14:05:42,1.25,900,122550
20240117,14:06:46,1.25,900,122150
20240117,14:09:16,1.25,200,121600
20240117,14:09:22,1.25,1400,121600
20240117,14:09:41,1.2,500,121600
20240117,14:09:55,1.25,50,121600
20240117,14:11:26,1.25,100,121600
20240117,14:12:47,1.25,50,121600
20240117,14:13:19,1.25,50,121150
20240117,14:14:25,1.25,50,121150
20240117,14:14:46,1.25,50,121150
20240117,14:14:58,1.2,50,121150
20240117,14:15:05,1.25,50,121150
20240117,14:15:11,1.25,50,121150
20240117,14:15:21,1.2,50,121150
20240117,14:15:32,1.2,1250,121150
20240117,14:15:37,1.25,50,121150
20240117,14:15:48,1.2,50,121150
20240117,14:16:10,1.25,5000,121150
20240117,14:17:12,1.25,1000,121150
20240117,14:17:37,1.2,50,121150
20240117,14:18:58,1.2,500,123350
20240117,14:20:45,1.25,250,123350
20240117,14:21:23,1.25,100,122850
20240117,14:22:39,1.25,100,122850
20240117,14:24:55,1.25,50,122750
20240117,14:25:00,1.25,7200,122750
20240117,14:25:01,1.25,2650,122750
20240117,14:26:34,1.2,50,122750
20240117,14:26:37,1.2,50,122750
20240117,14:26:41,1.2,500,122750
20240117,14:26:44,1.25,500,122750
20240117,14:27:18,1.2,500,117100
20240117,14:27:29,1.2,600,117100
20240117,14:27:36,1.2,1300,117100
20240117,14:27:54,1.25,3550,117100
20240117,14:27:56,1.25,150,117100
20240117,14:27:57,1.25,150,117100
20240117,14:28:02,1.25,1800,117100
20240117,14:28:29,1.25,350,117100
20240117,14:28:37,1.25,550,117100
20240117,14:29:03,1.3,500,117100
20240117,14:29:04,1.3,1200,117100
20240117,14:29:06,1.3,2300,117100
20240117,14:29:34,1.35,50,117100
20240117,14:30:58,1.3,250,121450
20240117,14:31:43,1.35,200,121450
20240117,14:31:52,1.4,200,121450
20240117,14:31:55,1.4,300,121450
20240117,14:32:05,1.4,750,121450
20240117,14:32:10,1.4,250,121450
20240117,14:32:42,1.4,150,121450
20240117,14:32:58,1.4,50,121450
20240117,14:33:03,1.45,100,121450
20240117,14:33:36,1.45,150,121750
20240117,14:33:44,1.45,150,121750
20240117,14:33:49,1.45,250,121750
20240117,14:34:42,1.45,250,121750
20240117,14:34:44,1.4,50,121750
20240117,14:34:47,1.4,50,121750
20240117,14:34:53,1.45,50,121750
20240117,14:35:29,1.45,50,121750
20240117,14:35:30,1.45,50,121750
20240117,14:35:32,1.45,50,121750
20240117,14:35:33,1.45,50,121750
20240117,14:35:34,1.45,50,121750
20240117,14:35:36,1.45,50,121750
20240117,14:35:38,1.45,50,121750
20240117,14:35:52,1.45,50,121750
20240117,14:36:21,1.5,50,121550
20240117,14:36:51,1.5,200,121550
20240117,14:36:54,1.45,50,121550
20240117,14:36:58,1.45,50,121550
20240117,14:37:00,1.5,100,121550
20240117,14:37:03,1.45,200,121550
20240117,14:37:21,1.5,200,121550
20240117,14:37:45,1.45,750,121550
20240117,14:37:57,1.45,1500,121550
20240117,14:38:01,1.5,750,121550
20240117,14:38:03,1.5,1100,121550
20240117,14:38:15,1.5,1500,121550
20240117,14:39:17,1.55,250,121450
20240117,14:39:54,1.55,1750,121450
20240117,14:39:55,1.55,50,121450
20240117,14:40:11,1.55,150,121450
20240117,14:40:45,1.55,150,121450
20240117,14:40:54,1.55,300,121450
20240117,14:41:00,1.6,1700,121450
20240117,14:41:02,1.55,1400,121450
20240117,14:41:18,1.55,250,121450
20240117,14:41:25,1.6,1700,121450
20240117,14:41:34,1.55,300,121450
20240117,14:41:55,1.6,150,121450
20240117,14:42:14,1.6,150,121450
20240117,14:42:16,1.6,50,121450
20240117,14:42:24,1.65,150,119500
20240117,14:42:32,1.65,150,119500
20240117,14:43:09,1.7,100,119500
20240117,14:43:40,1.6,3000,119500
20240117,14:43:47,1.6,1800,119500
20240117,14:43:49,1.6,3300,119500
20240117,14:43:50,1.6,1800,119500
20240117,14:43:52,1.6,1800,119500
20240117,14:43:53,1.6,1500,119500
20240117,14:44:00,1.6,150,119500
20240117,14:44:03,1.6,1250,119500
20240117,14:44:40,1.6,300,119500
20240117,14:44:41,1.6,300,119500
20240117,14:45:51,1.6,250,119500
20240117,14:46:01,1.6,250,127350
20240117,14:46:03,1.6,250,127350
20240117,14:46:11,1.6,250,127350
20240117,14:46:18,1.6,50,127350
20240117,14:46:22,1.6,250,127350
20240117,14:46:31,1.6,450,127350
20240117,14:46:32,1.6,8100,127350
20240117,14:46:47,1.65,250,127350
20240117,14:47:12,1.65,650,127350
20240117,14:47:13,1.65,5700,127350
20240117,14:47:15,1.65,300,127350
20240117,14:47:20,1.65,1800,127350
20240117,14:47:23,1.65,200,127350
20240117,14:47:24,1.65,750,127350
20240117,14:47:44,1.65,15000,127350
20240117,14:47:46,1.65,300,127350
20240117,14:47:48,1.65,200,127350
20240117,14:47:51,1.65,50,127350
20240117,14:47:52,1.65,100,127350
20240117,14:47:55,1.65,50,127350
20240117,14:48:06,1.7,6150,127350
20240117,14:48:07,1.75,900,127350
20240117,14:48:09,1.65,5000,127350
20240117,14:48:25,1.65,50,127350
20240117,14:48:27,1.65,150,157100
20240117,14:48:32,1.65,400,157100
20240117,14:48:38,1.6,850,157100
20240117,14:48:47,1.6,1800,157100
20240117,14:48:49,1.6,50,157100
20240117,14:48:50,1.6,50,157100
20240117,14:48:52,1.6,100,157100
20240117,14:48:52,1.6,50,157100
20240117,14:48:56,1.6,500,157100
20240117,14:49:04,1.6,1800,157100
20240117,14:49:06,1.6,1400,157100
20240117,14:49:06,1.6,200,157100
20240117,14:49:07,1.6,50,157100
20240117,14:49:08,1.6,100,157100
20240117,14:49:18,1.6,3600,157100
20240117,14:49:19,1.6,1700,157100
20240117,14:49:21,1.55,50,157100
20240117,14:49:23,1.55,50,157100
20240117,14:49:24,1.55,50,157100
20240117,14:49:29,1.55,1200,157100
20240117,14:49:39,1.55,100,157100
20240117,14:49:41,1.55,3600,157100
20240117,14:49:42,1.55,1800,157100
20240117,14:49:43,1.55,100,157100
20240117,14:49:44,1.55,50,157100
20240117,14:49:45,1.55,100,157100
20240117,14:49:46,1.55,100,157100
20240117,14:49:47,1.55,1800,157100
20240117,14:49:48,1.55,300,157100
20240117,14:49:49,1.55,2200,157100
20240117,14:49:50,1.55,50,157100
20240117,14:49:52,1.55,100,157100
20240117,14:49:53,1.55,50,157100
20240117,14:50:07,1.55,200,157100
20240117,14:50:17,1.55,1300,157100
20240117,14:50:18,1.55,50,157100
20240117,14:50:19,1.55,50,157100
20240117,14:50:20,1.55,100,157100
20240117,14:50:21,1.55,50,157100
20240117,14:50:35,1.55,1000,157100
20240117,14:50:38,1.55,500,157100
20240117,14:50:39,1.55,750,157100
20240117,14:50:40,1.55,500,157100
20240117,14:50:41,1.55,1800,157100
20240117,14:50:46,1.55,50,157100
20240117,14:50:48,1.55,50,157100
20240117,14:50:55,1.5,300,157100
20240117,14:50:56,1.5,300,157100
20240117,14:50:58,1.5,300,157100
20240117,14:51:00,1.5,800,157100
20240117,14:51:01,1.5,300,157100
20240117,14:51:02,1.5,300,157100
20240117,14:51:05,1.5,50,157100
20240117,14:51:07,1.5,550,157100
20240117,14:51:08,1.5,150,157100
20240117,14:51:16,1.45,50,157100
20240117,14:51:26,1.45,200,182550
20240117,14:51:28,1.45,1050,182550
20240117,14:51:34,1.45,50,182550
20240117,14:51:36,1.4,200,182550
20240117,14:51:40,1.4,50,182550
20240117,14:51:46,1.4,100,182550
20240117,14:51:55,1.4,1800,182550
20240117,14:51:59,1.4,1450,182550
20240117,14:52:01,1.35,1800,182550
20240117,14:52:04,1.35,1800,182550
20240117,14:52:07,1.35,1800,182550
20240117,14:52:09,1.35,1800,182550
20240117,14:52:11,1.4,2550,182550
20240117,14:52:12,1.35,50,182550
20240117,14:52:13,1.35,50,182550
20240117,14:52:14,1.35,50,182550
20240117,14:52:15,1.35,50,182550
20240117,14:52:16,1.35,50,182550
20240117,14:52:17,1.35,300,182550
20240117,14:52:18,1.35,50,182550
20240117,14:52:19,1.35,50,182550
20240117,14:52:22,1.35,50,182550
20240117,14:52:23,1.35,50,182550
20240117,14:52:33,1.35,150,182550
20240117,14:52:36,1.35,50,182550
20240117,14:52:37,1.35,50,182550
20240117,14:52:41,1.35,50,182550
20240117,14:52:53,1.35,1150,182550
20240117,14:52:56,1.4,1750,182550
20240117,14:52:58,1.35,1800,182550
20240117,14:53:05,1.35,50,182550
20240117,14:53:07,1.35,1800,182550
20240117,14:53:11,1.35,1750,182550
20240117,14:53:14,1.35,550,182550
20240117,14:53:15,1.3,50,182550
20240117,14:53:19,1.3,1800,182550
20240117,14:53:48,1.3,1800,182550
20240117,14:53:57,1.35,200,182550
20240117,14:54:00,1.35,3200,182550
20240117,14:54:01,1.35,1800,182550
20240117,14:54:02,1.35,1800,182550
20240117,14:54:04,1.35,1800,182550
20240117,14:54:05,1.35,1800,182550
20240117,14:54:06,1.35,1800,182550
20240117,14:54:07,1.35,1800,182550
20240117,14:54:10,1.35,1800,182550
20240117,14:54:11,1.35,1800,182550
20240117,14:54:12,1.35,1800,182550
20240117,14:55:05,1.3,700,182550
20240117,14:55:28,1.3,800,189350
20240117,14:55:31,1.3,1800,189350
20240117,14:55:31,1.3,250,189350
20240117,14:56:49,1.25,1350,189350
20240117,14:56:58,1.3,1800,189350
20240117,14:56:59,1.3,1800,189350
20240117,14:57:01,1.3,750,189350
20240117,14:57:09,1.3,1800,189350
20240117,14:57:11,1.3,1800,189350
20240117,14:57:22,1.3,100,189350
20240117,14:57:42,1.3,50,184650
20240117,14:57:52,1.25,850,184650
20240117,14:58:00,1.3,3750,184650
20240117,14:58:01,1.3,1700,184650
20240117,14:58:16,1.35,500,184650
20240117,14:58:23,1.35,300,184650
20240117,14:58:48,1.35,200,184650
20240117,14:58:49,1.3,1100,184650
20240117,14:58:58,1.3,300,184650
20240117,14:59:05,1.35,250,184650
20240117,14:59:07,1.3,350,184650
20240117,14:59:08,1.3,350,184650
20240117,14:59:15,1.3,350,184650
20240117,14:59:33,1.3,350,184650
20240117,14:59:47,1.35,50,184650
20240117,14:59:50,1.35,250,184650
20240117,14:59:56,1.35,50,184650
20240117,14:59:57,1.3,1100,184650
20240117,15:00:00,1.3,500,184650
20240117,15:00:07,1.35,150,184650
20240117,15:00:08,1.35,100,184650
20240117,15:00:09,1.35,400,184650
20240117,15:00:12,1.35,600,184650
20240117,15:00:13,1.35,50,184650
20240117,15:00:15,1.35,400,184650
20240117,15:00:16,1.35,300,184650
20240117,15:00:18,1.35,100,182350
20240117,15:00:18,1.35,1550,182350
20240117,15:00:20,1.35,100,182350
20240117,15:00:21,1.35,350,182350
20240117,15:00:24,1.35,300,182350
20240117,15:00:25,1.35,200,182350
20240117,15:00:26,1.35,200,182350
20240117,15:00:28,1.35,1000,182350
20240117,15:00:29,1.35,1800,182350
20240117,15:00:30,1.35,750,182350
20240117,15:00:34,1.35,100,182350
20240117,15:00:35,1.35,1000,182350
20240117,15:00:36,1.35,350,182350
20240117,15:00:37,1.4,700,182350
20240117,15:00:38,1.4,250,182350
20240117,15:00:40,1.4,600,182350
20240117,15:00:42,1.4,150,182350
20240117,15:00:43,1.4,200,182350
20240117,15:00:43,1.4,150,182350
20240117,15:00:46,1.3,1550,182350
20240117,15:00:48,1.35,1350,182350
20240117,15:00:49,1.35,100,182350
20240117,15:00:50,1.35,250,182350
20240117,15:00:57,1.35,900,182350
20240117,15:00:59,1.35,200,182350
20240117,15:01:01,1.35,100,182350
20240117,15:01:02,1.35,450,182350
20240117,15:01:04,1.35,150,182350
20240117,15:01:05,1.35,300,182350
20240117,15:01:06,1.35,150,182350
20240117,15:01:07,1.35,850,182350
20240117,15:01:08,1.35,600,182350
20240117,15:01:09,1.35,250,182350
20240117,15:01:10,1.35,450,182350
20240117,15:01:11,1.35,300,182350
20240117,15:01:12,1.35,500,182350
20240117,15:01:13,1.35,100,182350
20240117,15:01:14,1.35,50,182350
20240117,15:01:15,1.35,50,182350
20240117,15:01:16,1.35,500,182350
20240117,15:01:17,1.35,450,182350
20240117,15:01:18,1.35,2000,182350
20240117,15:01:19,1.35,100,182350
20240117,15:01:20,1.35,300,182350
20240117,15:01:25,1.35,250,182350
20240117,15:01:26,1.4,750,182350
20240117,15:01:27,1.35,650,182350
20240117,15:01:28,1.4,1800,182350
20240117,15:01:29,1.4,1150,182350
20240117,15:01:30,1.35,1750,182350
20240117,15:01:33,1.4,200,182350
20240117,15:01:41,1.4,450,182350
20240117,15:01:43,1.4,1550,182350
20240117,15:01:45,1.4,600,182350
20240117,15:01:46,1.4,300,182350
20240117,15:01:49,1.45,300,182350
20240117,15:01:50,1.45,550,182350
20240117,15:01:51,1.5,1750,182350
20240117,15:01:58,1.5,250,182350
20240117,15:02:00,1.5,1600,182350
20240117,15:02:02,1.5,150,182350
20240117,15:02:04,1.45,50,182350
20240117,15:02:12,1.55,2050,182350
20240117,15:02:16,1.55,950,182350
20240117,15:02:18,1.55,950,182350
20240117,15:02:19,1.55,550,182350
20240117,15:02:20,1.55,250,182350
20240117,15:02:23,1.55,250,182350
20240117,15:02:24,1.55,200,182350
20240117,15:02:29,1.55,1800,182350
20240117,15:02:42,1.55,1200,182350
20240117,15:02:46,1.55,600,182350
20240117,15:02:48,1.55,250,182350
20240117,15:02:50,1.55,500,182350
20240117,15:02:52,1.55,1200,182350
20240117,15:02:56,1.55,250,182350
20240117,15:03:00,1.55,500,182350
20240117,15:03:01,1.55,700,182350
20240117,15:03:09,1.6,200,182350
20240117,15:03:17,1.6,1000,182350
20240117,15:03:18,1.6,450,182350
20240117,15:03:23,1.6,750,173800
20240117,15:03:24,1.6,150,173800
20240117,15:03:25,1.6,250,173800
20240117,15:03:32,1.6,300,173800
20240117,15:03:35,1.6,150,173800
20240117,15:03:36,1.55,1200,173800
20240117,15:03:37,1.6,150,173800
20240117,15:03:38,1.6,150,173800
20240117,15:03:39,1.6,150,173800
20240117,15:03:43,1.55,1800,173800
20240117,15:03:44,1.55,50,173800
20240117,15:03:45,1.6,250,173800
20240117,15:03:46,1.55,750,173800
20240117,15:03:48,1.55,900,173800
20240117,15:03:49,1.55,50,173800
20240117,15:03:55,1.55,900,173800
20240117,15:03:56,1.55,50,173800
20240117,15:03:59,1.55,1800,173800
20240117,15:04:01,1.55,1600,173800
20240117,15:04:02,1.55,50,173800
20240117,15:04:05,1.55,1800,173800
20240117,15:04:06,1.55,1650,173800
20240117,15:04:07,1.6,250,173800
20240117,15:04:18,1.55,500,173800
20240117,15:04:24,1.55,50,173800
20240117,15:04:29,1.5,1550,173800
20240117,15:04:30,1.5,850,173800
20240117,15:04:39,1.5,1800,173800
20240117,15:04:47,1.5,1100,173800
20240117,15:04:54,1.45,2550,173800
20240117,15:05:23,1.5,250,173800
20240117,15:05:26,1.45,1800,173800
20240117,15:05:27,1.45,250,173800
20240117,15:05:39,1.45,250,173800
20240117,15:05:42,1.45,750,173800
20240117,15:06:03,1.4,800,173800
20240117,15:06:05,1.4,1000,173800
20240117,15:06:16,1.35,50,173800
20240117,15:06:20,1.4,250,173800
20240117,15:06:26,1.35,100,189400
20240117,15:06:36,1.35,1800,189400
20240117,15:06:40,1.4,1800,189400
20240117,15:06:41,1.4,1800,189400
20240117,15:06:42,1.4,1400,189400
20240117,15:06:43,1.4,3600,189400
20240117,15:06:44,1.35,2000,189400
20240117,15:06:59,1.4,100,189400
20240117,15:07:15,1.35,500,189400
20240117,15:07:51,1.3,1850,189400
20240117,15:08:32,1.35,500,189400
20240117,15:08:34,1.3,1800,189400
20240117,15:08:35,1.35,500,189400
20240117,15:08:38,1.35,500,189400
20240117,15:08:50,1.35,500,189400
20240117,15:09:22,1.3,550,189400
20240117,15:09:48,1.35,500,194800
20240117,15:09:51,1.35,250,194800
20240117,15:10:06,1.3,1800,194800
20240117,15:10:10,1.35,1000,194800
20240117,15:10:13,1.35,1600,194800
20240117,15:10:32,1.35,500,194800
20240117,15:10:40,1.35,250,194800
20240117,15:10:44,1.3,50,194800
20240117,15:10:45,1.35,250,194800
20240117,15:10:53,1.35,250,194800
20240117,15:11:06,1.3,650,194800
20240117,15:11:14,1.35,100,194800
20240117,15:11:15,1.35,500,194800
20240117,15:11:18,1.35,50,194800
20240117,15:11:21,1.35,50,194800
20240117,15:11:22,1.35,800,194800
20240117,15:11:25,1.3,500,194800
20240117,15:11:37,1.35,50,194800
20240117,15:11:38,1.35,250,194800
20240117,15:12:13,1.35,50,194800
20240117,15:12:14,1.35,50,194800
20240117,15:12:16,1.35,50,194800
20240117,15:12:17,1.35,50,194800
20240117,15:12:19,1.3,200,194800
20240117,15:12:20,1.3,200,195600
20240117,15:12:22,1.35,100,195600
20240117,15:12:25,1.3,700,195600
20240117,15:12:35,1.35,50,195600
20240117,15:12:36,1.35,50,195600
20240117,15:12:37,1.35,300,195600
20240117,15:12:56,1.35,50,195600
20240117,15:12:58,1.3,1300,195600
20240117,15:13:11,1.35,300,195600
20240117,15:13:15,1.3,50,195600
20240117,15:13:53,1.35,250,195600
20240117,15:13:55,1.35,250,195600
20240117,15:13:56,1.35,1800,195600
20240117,15:14:42,1.35,500,195600
20240117,15:14:48,1.35,250,195600
20240117,15:15:09,1.35,250,195600
20240117,15:15:17,1.35,250,195600
20240117,15:15:25,1.35,50,194300
20240117,15:15:41,1.3,500,194300
20240117,15:15:45,1.3,50,194300
20240117,15:15:47,1.35,250,194300
20240117,15:15:52,1.3,100,194300
20240117,15:16:06,1.3,550,194300
20240117,15:16:08,1.3,50,194300
20240117,15:16:14,1.3,1050,194300
20240117,15:16:17,1.3,950,194300
20240117,15:16:25,1.3,750,194300
20240117,15:16:47,1.25,550,194300
20240117,15:16:52,1.25,550,194300
20240117,15:17:01,1.25,500,194300
20240117,15:17:11,1.2,350,194300
20240117,15:17:18,1.2,50,194300
20240117,15:17:29,1.2,500,194300
20240117,15:17:34,1.15,1000,194300
20240117,15:17:39,1.15,250,194300
20240117,15:17:40,1.15,500,194300
20240117,15:17:41,1.15,500,194300
20240117,15:17:46,1.15,250,194300
20240117,15:17:51,1.1,250,194300
20240117,15:17:53,1.05,250,194300
20240117,15:17:54,1.05,500,194300
20240117,15:18:00,1.05,500,194300
20240117,15:18:06,1.0,400,194300
20240117,15:18:07,1.0,250,194300
20240117,15:18:09,0.95,100,194300
20240117,15:18:11,0.95,100,194300
20240117,15:18:13,0.95,1000,194300
20240117,15:18:15,0.95,50,194300
20240117,15:18:18,0.95,550,194300
20240117,15:18:22,0.9,550,195050
20240117,15:18:24,0.9,400,195050
20240117,15:18:25,0.95,250,195050
20240117,15:18:28,0.9,250,195050
20240117,15:18:30,0.9,500,195050
20240117,15:18:33,0.9,500,195050
20240117,15:18:34,0.9,200,195050
20240117,15:18:39,0.9,500,195050
20240117,15:18:47,0.85,450,195050
20240117,15:18:49,0.85,800,195050
20240117,15:19:01,0.85,300,195050
20240117,15:19:18,0.8,250,195050
20240117,15:19:41,0.85,150,195050
20240117,15:19:49,0.85,750,195050
20240117,15:19:53,0.85,500,195050
20240117,15:20:09,0.85,500,195050
20240117,15:20:13,0.85,1250,195050
20240117,15:20:17,0.85,500,195050
20240117,15:20:19,0.85,500,195050
20240117,15:20:35,0.85,250,195050
20240117,15:20:44,0.8,350,195050
20240117,15:20:50,0.85,150,195050
20240117,15:21:01,0.8,150,195050
20240117,15:21:20,0.8,1500,195050
20240117,15:21:31,0.8,250,195050
20240117,15:21:32,0.85,50,197650
20240117,15:21:35,0.8,1500,197650
20240117,15:21:40,0.8,250,197650
20240117,15:21:42,0.8,500,197650
20240117,15:21:49,0.8,500,197650
20240117,15:21:56,0.85,1250,197650
20240117,15:21:57,0.8,1750,197650
20240117,15:22:00,0.8,300,197650
20240117,15:22:01,0.8,300,197650
20240117,15:22:02,0.8,50,197650
20240117,15:22:06,0.8,100,197650
20240117,15:22:06,0.85,4150,197650
20240117,15:22:12,0.9,250,197650
20240117,15:22:17,0.9,750,197650
20240117,15:22:18,0.9,250,197650
20240117,15:22:20,0.85,50,197650
20240117,15:22:21,0.9,50,197650
20240117,15:22:24,0.85,100,197650
20240117,15:22:27,0.9,50,197650
20240117,15:22:37,0.8,550,197650
20240117,15:22:38,0.85,200,197650
20240117,15:22:43,0.85,250,197650
20240117,15:22:45,0.85,250,197650
20240117,15:22:48,0.8,250,197650
20240117,15:22:51,0.8,300,197650
20240117,15:22:54,0.85,1750,197650
20240117,15:22:55,0.85,300,197650
20240117,15:22:56,0.85,50,197650
20240117,15:22:58,0.85,50,197650
20240117,15:22:59,0.9,250,197650
20240117,15:23:00,0.85,300,197650
20240117,15:23:02,0.9,250,197650
20240117,15:23:03,0.85,50,197650
20240117,15:23:04,0.85,200,197650
20240117,15:23:13,0.85,1300,197650
20240117,15:23:15,0.9,650,197650
20240117,15:23:19,0.9,250,197650
20240117,15:23:21,0.85,450,197650
20240117,15:23:38,0.85,50,197650
20240117,15:23:39,0.85,100,197650
20240117,15:24:11,0.85,250,197650
20240117,15:24:22,0.9,750,194650
20240117,15:24:32,0.85,150,194650
20240117,15:24:39,0.85,50,194650
20240117,15:24:41,0.85,500,194650
20240117,15:24:56,0.9,3950,194650
20240117,15:24:57,0.9,550,194650
20240117,15:24:58,0.9,50,194650
20240117,15:24:59,0.9,50,194650
20240117,15:25:01,0.9,50,194650
20240117,15:25:02,0.9,50,194650
20240117,15:25:05,0.9,4600,194650
20240117,15:25:09,0.9,100,194650
20240117,15:25:19,0.95,50,194650
20240117,15:25:38,0.9,2700,194650
20240117,15:25:40,1.0,50,194650
20240117,15:25:44,0.95,250,194650
20240117,15:25:47,0.95,2850,194650
20240117,15:25:49,0.9,2050,194650
20240117,15:25:50,0.85,50,194650
20240117,15:25:54,0.95,50,194650
20240117,15:25:58,0.9,450,194650
20240117,15:26:00,0.9,450,194650
20240117,15:26:01,0.9,450,194650
20240117,15:26:02,0.9,300,194650
20240117,15:26:04,0.9,200,194650
20240117,15:26:09,0.9,900,194650
20240117,15:26:12,0.9,400,194650
20240117,15:26:24,0.85,50,194650
20240117,15:26:44,0.9,1050,194650
20240117,15:26:51,0.9,750,194650
20240117,15:26:54,0.9,3800,194650
20240117,15:26:55,0.85,50,194650
20240117,15:26:59,0.8,200,194650
20240117,15:27:04,0.75,1900,194650
20240117,15:27:05,0.75,2350,194650
20240117,15:27:06,0.75,1350,194650
20240117,15:27:07,0.75,3750,194650
20240117,15:27:08,0.75,1150,194650
20240117,15:27:09,0.8,2000,194650
20240117,15:27:10,0.8,1950,194650
20240117,15:27:11,0.8,250,194650
20240117,15:27:12,0.8,300,194650
20240117,15:27:14,0.75,50,194650
20240117,15:27:15,0.75,200,194650
20240117,15:27:21,0.85,250,194650
20240117,15:27:24,0.85,1450,194650
20240117,15:27:31,0.8,300,177750
20240117,15:27:32,0.75,1350,177750
20240117,15:27:40,0.8,50,177750
20240117,15:27:44,0.8,250,177750
20240117,15:27:48,0.8,800,177750
20240117,15:27:56,0.9,150,177750
20240117,15:27:58,0.9,250,177750
20240117,15:28:30,0.8,4300,177750
20240117,15:28:30,0.7,2850,177750
20240117,15:28:37,0.75,500,177750
20240117,15:28:38,0.8,500,177750
20240117,15:28:48,0.8,1800,177750
20240117,15:28:49,0.75,250,177750
20240117,15:28:50,0.85,700,177750
20240117,15:28:58,0.85,50,177750
20240117,15:29:09,0.8,1700,177750
20240117,15:29:11,0.75,250,177750
20240117,15:29:15,0.85,100,177750
20240117,15:29:30,0.9,100,177750
20240117,15:29:31,0.95,150,177750
20240117,15:29:42,0.8,100,177750
20240117,15:29:45,0.75,1600,177750
20240117,15:29:45,0.7,100,177750
20240117,15:29:47,0.7,1750,177750
20240117,15:29:48,0.95,400,177750
20240117,15:29:52,1.0,350,177750
20240117,15:29:55,0.75,500,177750
20240117,15:29:57,1.35,600,177750
20240118,09:15:03,0.65,1,167550
20240118,09:15:03,0.65,50,167550
20240118,09:15:04,0.7,100,167550
20240118,09:15:05,0.7,300,167550
20240118,09:15:05,0.4,300,167550
20240118,09:15:07,0.7,850,167550
20240118,09:15:09,0.7,50,167550
20240118,09:15:10,0.7,150,167550
20240118,09:15:11,0.7,1000,167550
20240118,09:15:13,0.65,100,167550
20240118,09:15:14,0.45,750,167550
20240118,09:15:16,0.45,3100,167550
20240118,09:15:23,0.55,250,167550
20240118,09:15:28,0.5,100,167550
20240118,09:15:29,0.55,1800,167550
20240118,09:15:32,0.45,850,167550
20240118,09:15:33,0.45,500,167550
20240118,09:15:35,0.45,50,167550
20240118,09:15:38,0.5,1150,167550
20240118,09:15:39,0.45,300,167550
20240118,09:15:41,0.5,5150,167550
20240118,09:15:42,0.45,2150,167550
20240118,09:15:43,0.5,4000,167550
20240118,09:15:47,0.5,3650,167550
20240118,09:15:49,0.45,900,167550
20240118,09:15:50,0.45,900,167550
20240118,09:15:52,0.45,900,167550
20240118,09:15:54,0.45,1000,167550
20240118,09:15:55,0.45,900,167550
20240118,09:15:56,0.45,900,167550
20240118,09:15:57,0.45,1700,167550
20240118,09:15:58,0.45,950,167550
20240118,09:16:08,0.45,50,167550
20240118,09:16:11,0.4,900,167550
20240118,09:16:16,0.4,950,167550
20240118,09:16:19,0.4,1350,167550
20240118,09:16:22,0.4,350,167550
20240118,09:16:27,0.35,50,167550
20240118,09:16:28,0.35,50,167550
20240118,09:16:30,0.35,1300,167550
20240118,09:16:30,0.35,1000,167550
20240118,09:16:31,0.35,1050,167550
20240118,09:16:38,0.35,150,167550
20240118,09:16:41,0.35,300,167550
20240118,09:16:42,0.35,250,167550
20240118,09:16:46,0.35,1000,167550
20240118,09:16:53,0.35,850,167550
20240118,09:16:55,0.35,4100,167550
20240118,09:17:00,0.3,50,167550
20240118,09:17:01,0.3,1000,167550
20240118,09:17:02,0.3,1800,167550
20240118,09:17:10,0.35,450,167550
20240118,09:17:11,0.35,500,167550
20240118,09:17:12,0.35,1100,167550
20240118,09:17:12,0.35,500,167550
20240118,09:17:13,0.35,1500,167550
20240118,09:17:14,0.35,450,167550
20240118,09:17:15,0.3,650,167550
20240118,09:17:21,0.35,350,167550
20240118,09:17:23,0.35,250,167550
20240118,09:17:35,0.35,500,164300
20240118,09:17:37,0.35,1800,164300
20240118,09:17:46,0.35,600,164300
20240118,09:17:48,0.35,1100,164300
20240118,09:17:50,0.35,1650,164300
20240118,09:17:57,0.35,300,164300
20240118,09:17:58,0.35,350,164300
20240118,09:18:00,0.35,500,164300
20240118,09:18:06,0.35,300,164300
20240118,09:18:19,0.35,200,164300
20240118,09:18:32,0.35,1800,164300
20240118,09:18:55,0.3,350,164300
20240118,09:19:17,0.3,150,164300
20240118,09:19:23,0.35,200,164300
20240118,09:20:10,0.35,1800,164300
20240118,09:20:38,0.35,1800,164300
20240118,09:20:45,0.35,1000,175050
20240118,09:20:46,0.35,1000,175050
20240118,09:20:48,0.3,6700,175050
20240118,09:20:57,0.35,50,175050
20240118,09:21:09,0.4,50,175050
20240118,09:22:04,0.35,4050,175050
20240118,09:22:11,0.35,250,175050
20240118,09:22:15,0.35,350,175050
20240118,09:22:26,0.35,5400,175050
20240118,09:22:27,0.35,1000,175050
20240118,09:22:28,0.35,100,175050
20240118,09:22:29,0.35,350,175050
20240118,09:23:43,0.35,1500,175050
20240118,09:23:53,0.35,1800,172900
20240118,09:23:54,0.3,50,172900
20240118,09:23:59,0.35,600,172900
20240118,09:24:17,0.3,150,172900
20240118,09:24:22,0.35,1000,172900
20240118,09:24:34,0.3,1800,172900
20240118,09:24:36,0.3,1800,172900
20240118,09:24:40,0.3,1800,172900
20240118,09:24:50,0.3,350,172900
20240118,09:24:51,0.3,1450,172900
20240118,09:24:53,0.3,50,172900
20240118,09:24:55,0.3,600,172900
20240118,09:24:57,0.3,400,172900
20240118,09:24:58,0.3,300,172900
20240118,09:25:00,0.3,1800,172900
20240118,09:25:09,0.3,1800,172900
20240118,09:25:47,0.3,50,172900
20240118,09:25:51,0.35,1000,172900
20240118,09:25:53,0.3,500,172900
20240118,09:25:56,0.3,2100,172900
20240118,09:26:07,0.25,1000,172900
20240118,09:26:19,0.25,150,172900
20240118,09:26:22,0.25,950,172900
20240118,09:26:27,0.25,500,172900
20240118,09:26:35,0.25,250,173400
20240118,09:26:45,0.3,600,173400
20240118,09:26:47,0.3,150,173400
20240118,09:27:30,0.3,250,173400
20240118,09:27:42,0.3,250,173400
20240118,09:27:48,0.3,1800,173400
20240118,09:27:51,0.3,1800,173400
20240118,09:27:56,0.25,100,173400
20240118,09:28:00,0.3,500,173400
20240118,09:28:22,0.25,300,173400
20240118,09:29:31,0.3,50,173400
20240118,09:29:42,0.3,900,173300
20240118,09:30:11,0.3,900,173300
20240118,09:30:36,0.3,900,173300
20240118,09:30:52,0.3,900,173300
20240118,09:30:53,0.3,1800,173300
20240118,09:31:32,0.25,50,173300
20240118,09:31:34,0.25,3600,173300
20240118,09:32:41,0.3,50,169700
20240118,09:32:55,0.25,400,169700
20240118,09:33:14,0.3,50,169700
20240118,09:33:46,0.25,200,169700
20240118,09:33:48,0.25,100,169700
20240118,09:34:01,0.25,100,169700
20240118,09:34:06,0.25,350,169700
20240118,09:34:32,0.25,50,169700
20240118,09:34:33,0.3,500,169700
20240118,09:34:35,0.25,1300,169700
20240118,09:34:38,0.25,50,169700
20240118,09:35:06,0.25,1500,169700
20240118,09:35:13,0.25,1800,169700
20240118,09:35:14,0.3,750,169700
20240118,09:35:15,0.25,500,169700
20240118,09:35:40,0.25,250,169700
20240118,09:35:40,0.25,250,169300
20240118,09:35:43,0.3,100,169300
20240118,09:35:44,0.25,100,169300
20240118,09:35:55,0.25,800,169300
20240118,09:36:16,0.25,550,169300
20240118,09:36:41,0.25,350,169300
20240118,09:36:42,0.25,300,169300
20240118,09:36:45,0.25,250,169300
20240118,09:36:48,0.25,250,169300
20240118,09:36:50,0.25,1800,169300
20240118,09:36:52,0.25,1200,169300
20240118,09:36:56,0.25,700,169300
20240118,09:37:00,0.25,700,169300
20240118,09:37:01,0.25,600,169300
20240118,09:37:02,0.25,50,169300
20240118,09:37:04,0.25,2250,169300
20240118,09:37:17,0.25,50,169300
20240118,09:37:34,0.25,100,169300
20240118,09:38:34,0.25,50,169300
20240118,09:39:53,0.25,500,169150
20240118,09:39:54,0.25,600,169150
20240118,09:39:54,0.25,1500,169150
20240118,09:39:56,0.25,2600,169150
20240118,09:39:56,0.25,200,169150
20240118,09:40:26,0.25,1800,169150
20240118,09:40:27,0.2,10400,169150
20240118,09:40:51,0.25,1800,169150
20240118,09:42:09,0.2,50,169150
20240118,09:42:41,0.25,1800,166450
20240118,09:42:42,0.25,3200,166450
20240118,09:42:52,0.2,1800,166450
20240118,09:43:46,0.25,50,166450
20240118,09:46:08,0.2,1800,166450
20240118,09:46:09,0.2,250,161400
20240118,09:46:13,0.2,50,161400
20240118,09:46:57,0.2,50,161400
20240118,09:47:14,0.25,1000,161400
20240118,09:47:58,0.25,1200,161400
20240118,09:50:31,0.2,1700,163700
20240118,09:50:34,0.25,1700,163700
20240118,09:50:46,0.25,250,163700
20240118,09:50:52,0.25,250,163700
20240118,09:50:57,0.2,1800,163700
20240118,09:51:02,0.25,250,163700
20240118,09:51:03,0.25,350,163700
20240118,09:51:04,0.2,100,163700
20240118,09:51:06,0.25,250,163700
20240118,09:51:13,0.25,250,163700
20240118,09:51:20,0.25,250,163700
20240118,09:51:25,0.25,350,163700
20240118,09:51:39,0.25,300,163700
20240118,09:51:41,0.25,250,163700
20240118,09:53:25,0.25,800,163700
20240118,09:54:02,0.25,150,164150
20240118,09:54:51,0.25,300,164150
20240118,09:55:05,0.25,250,164150
20240118,09:56:10,0.25,1800,164150
20240118,09:56:17,0.25,250,164150
20240118,09:56:26,0.2,900,164150
20240118,09:56:28,0.25,1500,164150
20240118,09:56:31,0.25,250,164150
20240118,09:56:36,0.2,900,164450
20240118,09:56:47,0.2,700,164450
20240118,09:57:23,0.25,50,164450
20240118,09:58:18,0.25,300,164450
20240118,09:58:22,0.25,500,164450
20240118,09:58:26,0.25,250,164450
20240118,09:58:32,0.25,500,164450
20240118,09:58:40,0.25,250,164450
20240118,09:58:42,0.25,300,164450
20240118,09:58:53,0.25,250,164450
20240118,09:58:59,0.25,550,164450
20240118,09:59:03,0.25,1250,164450
20240118,09:59:39,0.25,750,167150
20240118,09:59:51,0.25,50,167150
20240118,09:59:59,0.25,50,167150
20240118,10:00:08,0.25,50,167150
20240118,10:00:17,0.25,1800,167150
20240118,10:01:13,0.25,1400,167150
20240118,10:01:15,0.2,1000,167150
20240118,10:01:45,0.25,1800,167150
20240118,10:02:06,0.2,100,167150
20240118,10:05:26,0.2,250,167150
20240118,10:05:38,0.2,1800,167300
20240118,10:05:43,0.25,50,167300
20240118,10:06:07,0.25,550,167300
20240118,10:07:01,0.25,50,167300
20240118,10:07:05,0.2,250,167300
20240118,10:07:07,0.2,350,167300
20240118,10:07:08,0.2,300,167300
20240118,10:07:10,0.2,2650,167300
20240118,10:07:15,0.2,1800,167300
20240118,10:07:46,0.2,1800,167300
20240118,10:07:52,0.2,1800,167300
20240118,10:07:56,0.2,3600,167300
20240118,10:07:57,0.2,1800,167300
20240118,10:08:04,0.2,1800,167300
20240118,10:08:05,0.15,2250,167300
20240118,10:08:08,0.15,1800,167300
20240118,10:08:12,0.15,1800,167300
20240118,10:08:13,0.15,1800,167300
20240118,10:08:16,0.15,1800,167300
20240118,10:08:17,0.2,250,167300
20240118,10:08:18,0.15,2050,167300
20240118,10:08:30,0.2,250,167300
20240118,10:08:33,0.15,1800,167300
20240118,10:08:54,0.15,3600,160800
20240118,10:09:03,0.15,1800,160800
20240118,10:09:12,0.2,500,160800
20240118,10:09:17,0.15,1000,160800
20240118,10:09:19,0.15,300,160800
20240118,10:09:47,0.15,250,160800
20240118,10:09:54,0.15,250,160800
20240118,10:09:56,0.15,250,160800
20240118,10:09:57,0.15,250,160800
20240118,10:10:08,0.15,250,160800
20240118,10:10:17,0.15,2050,160800
20240118,10:10:38,0.2,1700,160800
20240118,10:10:44,0.2,50,160800
20240118,10:10:52,0.15,1800,160800
20240118,10:11:15,0.2,250,160800
20240118,10:11:16,0.2,300,160800
20240118,10:11:19,0.15,2600,160800
20240118,10:11:23,0.15,1800,160800
20240118,10:11:27,0.2,250,160800
20240118,10:11:30,0.15,2050,160800
20240118,10:11:30,0.2,250,160800
20240118,10:11:36,0.2,250,160800
20240118,10:11:38,0.15,2050,157650
20240118,10:11:39,0.2,550,157650
20240118,10:11:48,0.15,1800,157650
20240118,10:11:49,0.15,3600,157650
20240118,10:11:50,0.2,1800,157650
20240118,10:11:51,0.15,1800,157650
20240118,10:11:54,0.15,1800,157650
20240118,10:11:58,0.15,1800,157650
20240118,10:12:06,0.15,1800,157650
20240118,10:12:11,0.15,1800,157650
20240118,10:12:19,0.15,1800,157650
20240118,10:12:47,0.15,100,157650
20240118,10:12:59,0.15,1800,157650
20240118,10:13:29,0.15,6700,157650
20240118,10:13:45,0.15,1800,157650
20240118,10:13:46,0.15,10800,157650
20240118,10:13:47,0.1,3050,157650
20240118,10:13:48,0.1,1650,157650
20240118,10:14:19,0.1,50,157650
20240118,10:14:27,0.15,1700,157650
20240118,10:14:52,0.1,500,157650
20240118,10:15:29,0.15,50,154200
20240118,10:15:37,0.15,500,154200
20240118,10:15:54,0.1,50,154200
20240118,10:16:46,0.1,500,154200
20240118,10:16:47,0.1,650,154200
20240118,10:16:51,0.1,300,154200
20240118,10:16:59,0.1,250,154200
20240118,10:17:02,0.1,350,154200
20240118,10:17:03,0.1,250,154200
20240118,10:17:05,0.15,1000,154200
20240118,10:17:08,0.15,400,154200
20240118,10:17:18,0.1,250,154200
20240118,10:17:21,0.1,250,154200
20240118,10:17:25,0.1,600,154200
20240118,10:17:49,0.1,500,153650
20240118,10:18:52,0.1,300,153650
20240118,10:19:34,0.1,50,153650
20240118,10:19:48,0.15,50,153650
20240118,10:20:29,0.1,50,153650
20240118,10:20:49,0.1,250,153650
20240118,10:20:59,0.1,1200,153650
20240118,10:21:27,0.15,1200,153650
20240118,10:22:34,0.15,50,153650
20240118,10:24:09,0.1,50,152450
20240118,10:24:39,0.15,150,152450
20240118,10:24:44,0.15,50,152450
20240118,10:24:52,0.1,50,152450
20240118,10:26:37,0.1,250,152450
20240118,10:26:38,0.1,250,152450
20240118,10:26:40,0.1,250,152450
20240118,10:26:42,0.1,850,152950
20240118,10:28:31,0.15,50,152950
20240118,10:28:32,0.1,1700,152950
20240118,10:29:40,0.15,500,152000
20240118,10:33:03,0.15,250,152000
20240118,10:34:10,0.15,50,152000
20240118,10:34:42,0.15,250,152000
20240118,10:35:37,0.15,500,152000
20240118,10:36:12,0.15,50,152000
20240118,10:36:23,0.1,50,152000
20240118,10:36:28,0.15,50,152000
20240118,10:36:33,0.1,50,152000
20240118,10:37:02,0.15,50,152000
20240118,10:37:05,0.1,50,152000
20240118,10:37:11,0.15,50,152000
20240118,10:37:14,0.1,50,152000
20240118,10:37:18,0.15,50,152000
20240118,10:37:22,0.1,50,152000
20240118,10:37:27,0.15,50,152000
20240118,10:37:29,0.1,50,152000
20240118,10:37:34,0.15,50,152000
20240118,10:37:36,0.1,50,152000
20240118,10:37:42,0.15,50,152000
20240118,10:37:48,0.1,50,152000
20240118,10:37:54,0.15,50,152000
20240118,10:38:01,0.1,50,152000
20240118,10:38:07,0.15,50,152000
20240118,10:38:13,0.1,50,152000
20240118,10:38:24,0.15,50,152000
20240118,10:38:26,0.1,50,152000
20240118,10:38:44,0.1,1800,152000
20240118,10:38:46,0.1,1800,152000
20240118,10:38:46,0.15,50,152000
20240118,10:38:49,0.1,50,152000
20240118,10:38:54,0.15,50,152000
20240118,10:38:57,0.1,50,152000
20240118,10:39:03,0.15,50,152000
20240118,10:39:06,0.1,50,152000
20240118,10:39:11,0.15,50,152000
20240118,10:39:17,0.1,50,152000
20240118,10:39:24,0.15,50,152000
20240118,10:39:27,0.1,50,152000
20240118,10:39:33,0.15,50,152000
20240118,10:39:41,0.1,50,152000
20240118,10:39:44,0.1,50,152000
20240118,10:39:47,0.15,50,152000
20240118,10:39:49,0.1,50,152000
20240118,10:39:54,0.15,50,152000
20240118,10:39:57,0.1,50,152000
20240118,10:40:01,0.15,50,152000
20240118,10:40:04,0.1,50,152000
20240118,10:40:11,0.15,50,152000
20240118,10:40:13,0.1,50,152000
20240118,10:40:18,0.15,50,152000
20240118,10:40:21,0.1,50,152000
20240118,10:41:13,0.15,2750,152000
20240118,10:41:38,0.15,50,152000
20240118,10:42:03,0.15,50,152000
20240118,10:42:13,0.1,50,149250
20240118,10:43:52,0.15,50,149250
20240118,10:44:34,0.1,3100,149250
20240118,10:44:35,0.1,6200,149250
20240118,10:45:37,0.15,50,146100
20240118,10:46:23,0.1,600,146100
20240118,10:46:31,0.15,50,146100
20240118,10:46:45,0.1,1200,146100
20240118,10:46:49,0.1,100,146100
20240118,10:46:50,0.1,2650,146100
20240118,10:46:52,0.1,250,146100
20240118,10:47:38,0.05,100,146100
20240118,10:47:48,0.1,50,146100
20240118,10:47:54,0.1,50,144850
20240118,10:48:02,0.1,50,144850
20240118,10:48:03,0.1,50,144850
20240118,10:48:04,0.1,100,144850
20240118,10:48:23,0.1,50,144850
20240118,10:48:24,0.1,50,144850
20240118,10:48:25,0.1,100,144850
20240118,10:48:26,0.1,100,144850
20240118,10:48:29,0.1,50,144850
20240118,10:48:38,0.1,900,144850
20240118,10:48:53,0.05,50,144850
20240118,10:49:03,0.1,50,144850
20240118,10:49:06,0.1,900,144850
20240118,10:49:09,0.1,900,144850
20240118,10:49:11,0.1,900,144850
20240118,10:49:15,0.1,250,144850
20240118,10:49:43,0.1,50,144850
20240118,10:49:59,0.05,50,144850
20240118,10:50:21,0.1,50,144850
20240118,10:50:35,0.05,50,144850
20240118,10:51:06,0.1,200,144850
20240118,10:51:17,0.05,200,140850
20240118,10:51:25,0.1,150,140850
20240118,10:51:44,0.1,50,140850
20240118,10:51:58,0.05,50,140850
20240118,10:52:09,0.1,50,140850
20240118,10:52:10,0.05,50,140850
20240118,10:52:20,0.05,50,140850
20240118,10:52:28,0.1,1700,140850
20240118,10:52:28,0.1,3600,140850
20240118,10:53:00,0.1,5400,140850
20240118,10:53:18,0.05,3500,140850
20240118,10:53:18,0.05,1800,140850
20240118,10:53:24,0.05,150,140850
20240118,10:53:27,0.05,50,140850
20240118,10:53:58,0.05,250,140850
20240118,10:53:58,0.05,200,135900
20240118,10:55:02,0.05,600,135900
20240118,10:55:05,0.05,200,135900
20240118,10:55:07,0.1,9450,135900
20240118,10:55:10,0.1,500,135900
20240118,10:55:11,0.1,250,135900
20240118,10:55:15,0.1,50,135900
20240118,10:55:20,0.15,1200,135900
20240118,10:55:29,0.15,100,135900
20240118,10:55:52,0.1,250,135900
20240118,10:56:07,0.1,250,135900
20240118,10:56:10,0.1,250,135900
20240118,10:56:20,0.1,250,135900
20240118,10:56:25,0.1,4500,135900
20240118,10:56:26,0.1,5500,135900
20240118,10:57:18,0.1,450,135900
20240118,10:58:13,0.15,150,139200
20240118,10:59:04,0.15,50,139200
20240118,10:59:53,0.1,50,139650
20240118,11:00:31,0.15,50,139650
20240118,11:00:36,0.1,1600,139650
20240118,11:00:47,0.05,100,139650
20240118,11:01:11,0.1,800,139650
20240118,11:01:19,0.1,50,139650
20240118,11:01:37,0.1,1650,139650
20240118,11:01:49,0.1,50,139650
20240118,11:02:09,0.05,100,139650
20240118,11:02:30,0.05,1600,139650
20240118,11:02:31,0.05,2350,139650
20240118,11:02:38,0.1,100,139650
20240118,11:02:55,0.1,50,138950
20240118,11:02:56,0.05,3600,138950
20240118,11:02:58,0.05,3600,138950
20240118,11:03:00,0.05,1800,138950
20240118,11:03:01,0.05,1800,138950
20240118,11:03:03,0.05,1800,138950
20240118,11:03:07,0.1,300,138950
20240118,11:03:16,0.05,500,138950
20240118,11:03:17,0.1,50,138950
20240118,11:03:19,0.05,50,138950
20240118,11:03:20,0.05,900,138950
20240118,11:03:26,0.1,50,138950
20240118,11:03:29,0.05,900,138950
20240118,11:03:36,0.05,200,138950
20240118,11:03:43,0.05,900,138950
20240118,11:03:48,0.1,50,138950
20240118,11:03:50,0.05,900,138950
20240118,11:03:52,0.05,900,138950
20240118,11:03:53,0.05,400,138950
20240118,11:03:56,0.05,150,138950
20240118,11:03:57,0.05,50,138950
20240118,11:04:09,0.1,50,138950
20240118,11:04:21,0.05,50,138950
20240118,11:04:28,0.05,900,138950
20240118,11:04:38,0.05,150,138950
20240118,11:04:41,0.05,50,138950
20240118,11:04:45,0.05,200,138950
20240118,11:04:47,0.1,50,138950
20240118,11:04:56,0.05,50,138950
20240118,11:05:06,0.1,50,138950
20240118,11:05:18,0.05,50,138950
20240118,11:05:28,0.1,50,138950
20240118,11:05:50,0.1,1600,138950
20240118,11:07:38,0.1,50,139350
20240118,11:07:55,0.05,50,139350
20240118,11:08:04,0.05,900,139350
20240118,11:08:06,0.1,1800,139350
20240118,11:08:25,0.1,50,139350
20240118,11:10:19,0.05,50,137200
20240118,11:10:29,0.1,100,137200
20240118,11:10:46,0.1,100,137200
20240118,11:10:46,0.1,500,137200
20240118,11:10:47,0.05,50,137200
20240118,11:10:59,0.1,300,137200
20240118,11:11:01,0.1,50,137200
20240118,11:11:28,0.05,50,137200
20240118,11:11:41,0.1,900,137200
20240118,11:11:45,0.1,50,137200
20240118,11:11:48,0.1,400,136200
20240118,11:11:51,0.1,50,136200
20240118,11:12:42,0.1,50,136200
20240118,11:12:46,0.05,50,136200
20240118,11:13:07,0.1,50,136200
20240118,11:13:09,0.05,1750,136200
20240118,11:13:12,0.1,50,136200
20240118,11:13:21,0.1,50,136200
20240118,11:13:24,0.05,100,136200
20240118,11:13:25,0.05,100,136200
20240118,11:13:39,0.05,50,136200
20240118,11:13:47,0.1,50,136200
20240118,11:13:51,0.05,50,136200
20240118,11:13:56,0.1,50,136200
20240118,11:14:00,0.05,50,136200
20240118,11:14:06,0.1,5400,136200
20240118,11:14:07,0.1,3800,136200
20240118,11:14:20,0.1,50,136200
20240118,11:14:48,0.1,50,134200
20240118,11:14:51,0.05,50,134200
20240118,11:15:01,0.1,50,134200
20240118,11:15:03,0.1,250,134200
20240118,11:15:09,0.05,50,134200
20240118,11:15:15,0.1,250,134200
20240118,11:15:16,0.1,50,134200
20240118,11:15:19,0.05,50,134200
20240118,11:15:24,0.1,50,134200
20240118,11:15:32,0.05,50,134200
20240118,11:15:37,0.1,5000,134200
20240118,11:16:19,0.1,50,134200
20240118,11:16:22,0.1,750,134200
20240118,11:16:25,0.05,50,134200
20240118,11:16:28,0.1,7200,134200
20240118,11:16:30,0.1,50,134200
20240118,11:16:34,0.05,50,134200
20240118,11:16:57,0.1,300,134200
20240118,11:17:00,0.1,250,134200
20240118,11:17:04,0.05,1800,134200
20240118,11:17:06,0.1,500,134200
20240118,11:17:11,0.1,50,134200
20240118,11:17:30,0.1,50,134200
20240118,11:17:33,0.05,50,134200
20240118,11:17:47,0.1,100,134200
20240118,11:19:25,0.1,50,134200
20240118,11:19:29,0.05,50,134200
20240118,11:19:33,0.1,50,134200
20240118,11:20:02,0.05,50,134200
20240118,11:20:09,0.1,50,134200
20240118,11:20:18,0.05,250,134200
20240118,11:20:22,0.1,900,134200
20240118,11:20:22,0.05,50,134200
20240118,11:20:37,0.1,50,134200
20240118,11:20:40,0.05,900,134200
20240118,11:20:41,0.05,50,134200
20240118,11:20:43,0.1,50,134200
20240118,11:20:46,0.05,50,134200
20240118,11:20:48,0.1,50,134200
20240118,11:20:49,0.05,50,134200
20240118,11:20:54,0.1,50,134200
20240118,11:20:57,0.1,50,134200
20240118,11:20:59,0.05,100,134200
20240118,11:21:02,0.1,50,134200
20240118,11:21:05,0.05,50,134200
20240118,11:21:08,0.1,50,134200
20240118,11:21:10,0.05,50,134200
20240118,11:21:22,0.1,50,134200
20240118,11:21:25,0.05,50,134200
20240118,11:21:29,0.1,50,134200
20240118,11:21:40,0.1,150,134200
20240118,11:21:46,0.1,250,134200
20240118,11:21:48,0.1,50,134200
20240118,11:22:00,0.05,50,134200
20240118,11:22:03,0.1,50,134200
20240118,11:22:27,0.05,50,134200
20240118,11:22:30,0.1,50,134200
20240118,11:22:32,0.05,50,134200
20240118,11:22:34,0.1,50,134200
20240118,11:22:36,0.05,50,134200
20240118,11:22:38,0.1,50,134200
20240118,11:22:41,0.05,50,134200
20240118,11:22:43,0.1,500,134200
20240118,11:23:00,0.1,50,134200
20240118,11:24:55,0.1,2500,134200
20240118,11:27:18,0.1,500,134200
20240118,11:27:24,0.05,50,131700
20240118,11:27:46,0.1,50,131700
20240118,11:28:08,0.05,50,131700
20240118,11:28:50,0.1,250,131700
20240118,11:28:52,0.1,50,131700
20240118,11:29:12,0.1,2100,131700
20240118,11:31:00,0.1,250,131700
20240118,11:31:04,0.1,500,133500
20240118,11:31:37,0.1,1800,133500
20240118,11:32:54,0.05,200,133500
20240118,11:33:16,0.1,500,133500
20240118,11:33:45,0.1,500,133500
20240118,11:34:09,0.1,1500,133500
20240118,11:34:19,0.1,50,133500
20240118,11:34:51,0.05,50,133500
20240118,11:35:11,0.1,650,133500
20240118,11:35:40,0.05,500,133500
20240118,11:36:08,0.1,500,133000
20240118,11:38:31,0.05,50,133000
20240118,11:39:18,0.05,100,133000
20240118,11:39:53,0.05,50,133000
20240118,11:41:08,0.1,1800,133000
20240118,11:41:13,0.1,1800,133000
20240118,11:41:16,0.1,300,133000
20240118,11:42:35,0.1,300,133000
20240118,11:42:53,0.1,250,129100
20240118,11:47:50,0.1,50,129100
20240118,11:50:42,0.1,250,129100
20240118,11:52:36,0.1,50,129100
20240118,11:52:46,0.05,250,129100
20240118,11:52:56,0.05,250,129100
20240118,11:53:01,0.1,50,129100
20240118,11:53:23,0.05,250,129100
20240118,11:54:06,0.05,300,129100
20240118,11:54:10,0.05,300,129100
20240118,11:54:51,0.05,250,129100
20240118,11:54:55,0.05,250,129100
20240118,11:55:16,0.1,1800,129100
20240118,11:55:17,0.1,3200,129100
20240118,11:56:57,0.05,250,129100
20240118,11:56:58,0.05,50,129100
20240118,11:57:25,0.05,250,129100
20240118,11:57:36,0.05,300,129100
20240118,11:58:33,0.1,5000,129100
20240118,11:59:07,0.05,5000,129100
20240118,11:59:40,0.1,1800,129100
20240118,12:00:10,0.05,50,129100
20240118,12:00:13,0.1,750,129100
20240118,12:00:15,0.1,650,129100
20240118,12:00:16,0.1,250,129100
20240118,12:00:20,0.1,50,129100
20240118,12:00:42,0.1,50,129100
20240118,12:02:00,0.05,100,129100
20240118,12:02:21,0.1,50,129100
20240118,12:02:26,0.1,50,129100
20240118,12:02:27,0.05,600,129100
20240118,12:02:28,0.05,50,129100
20240118,12:03:05,0.1,50,129100
20240118,12:03:37,0.05,1800,129650
20240118,12:03:40,0.1,14400,129650
20240118,12:03:43,0.1,1800,129650
20240118,12:03:44,0.1,1800,129650
20240118,12:03:45,0.1,1800,129650
20240118,12:03:46,0.1,1800,129650
20240118,12:03:47,0.1,2700,129650
20240118,12:04:11,0.05,16200,129650
20240118,12:04:33,0.1,50,129650
20240118,12:04:45,0.1,2400,129650
20240118,12:04:56,0.1,300,129650
20240118,12:05:17,0.1,50,129650
20240118,12:05:24,0.1,350,129650
20240118,12:05:25,0.1,650,129650
20240118,12:05:45,0.1,250,129650
20240118,12:06:10,0.1,250,129650
20240118,12:07:12,0.1,300,129900
20240118,12:07:12,0.05,50,129900
20240118,12:07:20,0.1,50,129900
20240118,12:07:37,0.05,50,129900
20240118,12:07:47,0.1,250,129900
20240118,12:09:15,0.1,50,129900
20240118,12:09:17,0.05,50,129900
20240118,12:09:24,0.1,1000,129900
20240118,12:10:49,0.05,50,129900
20240118,12:11:53,0.1,50,129900
20240118,12:12:52,0.1,1050,129900
20240118,12:15:35,0.05,50,129900
20240118,12:16:21,0.1,50,129900
20240118,12:21:55,0.05,450,129900
20240118,12:22:56,0.1,1800,129900
20240118,12:24:16,0.05,800,129900
20240118,12:25:08,0.1,600,129900
20240118,12:25:21,0.05,1800,129900
20240118,12:26:47,0.05,250,129900
20240118,12:26:54,0.05,250,129900
20240118,12:27:00,0.05,250,129900
20240118,12:28:14,0.1,200,130150
20240118,12:28:30,0.05,250,130150
20240118,12:28:41,0.05,50,130150
20240118,12:31:06,0.05,250,129900
20240118,12:31:07,0.05,700,129900
20240118,12:31:09,0.1,500,129900
20240118,12:31:11,0.05,250,129900
20240118,12:31:14,0.05,750,129900
20240118,12:33:06,0.05,9850,129900
20240118,12:33:07,0.05,500,129900
20240118,12:33:46,0.05,50,129900
20240118,12:34:38,0.1,1000,129900
20240118,12:34:48,0.1,250,129900
20240118,12:35:16,0.05,300,129900
20240118,12:35:49,0.05,50,129900
20240118,12:36:20,0.05,250,129900
20240118,12:36:23,0.05,500,127450
20240118,12:36:46,0.1,50,127450
20240118,12:37:23,0.05,250,127450
20240118,12:37:44,0.05,300,127450
20240118,12:37:47,0.05,250,127450
20240118,12:37:56,0.05,50,127450
20240118,12:38:32,0.05,300,127450
20240118,12:39:01,0.1,50,128350
20240118,12:39:17,0.05,500,128350
20240118,12:40:03,0.05,200,128350
20240118,12:40:12,0.05,50,128350
20240118,12:40:34,0.05,250,128350
20240118,12:40:38,0.05,300,128350
20240118,12:40:43,0.05,800,128350
20240118,12:41:05,0.05,250,128350
20240118,12:41:37,0.1,7650,128350
20240118,12:42:24,0.05,250,128350
20240118,12:42:27,0.05,1050,129950
20240118,12:42:36,0.05,400,129950
20240118,12:42:44,0.05,550,129950
20240118,12:45:22,0.05,50,129950
20240118,12:47:09,0.1,300,132200
20240118,12:47:32,0.1,250,132200
20240118,12:47:59,0.1,250,131650
20240118,12:48:35,0.1,650,131650
20240118,12:48:45,0.1,250,131650
20240118,12:49:07,0.1,250,131650
20240118,12:49:12,0.1,300,131650
20240118,12:49:16,0.1,250,131650
20240118,12:49:22,0.1,950,131650
20240118,12:51:13,0.1,50,128750
20240118,12:51:14,0.1,100,128750
20240118,12:52:36,0.05,50,128750
20240118,12:53:25,0.1,1000,128750
20240118,12:55:14,0.05,50,128750
20240118,12:55:41,0.05,300,128750
20240118,12:57:36,0.1,250,128750
20240118,13:01:51,0.1,300,128750
20240118,13:02:23,0.1,100,128750
20240118,13:07:50,0.05,50,128750
20240118,13:07:51,0.05,400,128750
20240118,13:10:45,0.1,50,128750
20240118,13:11:29,0.05,50,128750
20240118,13:13:10,0.1,1800,128750
20240118,13:13:48,0.1,250,128750
20240118,13:13:52,0.1,250,128750
20240118,13:13:59,0.1,250,128750
20240118,13:14:06,0.1,250,128750
20240118,13:14:11,0.1,250,128750
20240118,13:14:26,0.1,250,128750
20240118,13:14:39,0.1,250,128750
20240118,13:14:53,0.1,250,128750
20240118,13:15:28,0.1,250,128750
20240118,13:20:37,0.1,300,127450
20240118,13:22:45,0.1,250,127450
20240118,13:25:08,0.1,300,127450
20240118,13:25:12,0.1,250,127450
20240118,13:25:18,0.1,300,127450
20240118,13:26:31,0.05,1800,127450
20240118,13:26:53,0.05,50,127450
20240118,13:30:19,0.05,400,127450
20240118,13:33:20,0.05,50,127450
20240118,13:38:40,0.05,50,127450
20240118,13:40:13,0.05,50,127450
20240118,13:45:58,0.1,300,127450
20240118,13:52:56,0.15,22300,127450
20240118,13:52:57,0.15,8400,127450
20240118,13:53:03,0.1,2250,127450
20240118,13:53:16,0.1,200,127450
20240118,13:56:29,0.05,900,151000
20240118,14:00:29,0.1,1900,151000
20240118,14:00:30,0.2,4600,151000
20240118,14:00:41,0.1,500,151000
20240118,14:01:09,0.15,600,151000
20240118,14:01:25,0.1,250,151000
20240118,14:01:32,0.1,250,151000
20240118,14:01:36,0.1,750,151000
20240118,14:01:37,0.1,1300,151000
20240118,14:01:41,0.1,1500,151000
20240118,14:01:42,0.1,400,151000
20240118,14:03:39,0.05,1050,154800
20240118,14:07:32,0.1,50,154800
20240118,14:07:55,0.1,1000,154800
20240118,14:19:30,0.05,100,154800
20240118,14:21:58,0.05,50,155100
20240118,14:22:15,0.1,50,155100
20240118,14:23:12,0.05,50,155100
20240118,14:25:28,0.1,50,155100
20240118,14:26:03,0.1,1800,155100
20240118,14:26:03,0.1,3200,155100
20240118,14:27:02,0.05,250,155100
20240118,14:27:04,0.05,800,155100
20240118,14:27:07,0.05,250,155100
20240118,14:27:09,0.05,250,155100
20240118,14:27:10,0.05,250,155100
20240118,14:27:16,0.05,1000,157200
20240118,14:33:08,0.05,100,158200
20240118,14:33:26,0.05,250,158200
20240118,14:33:27,0.05,250,158200
20240118,14:34:16,0.1,500,158200
20240118,14:35:18,0.05,150,158200
20240118,14:38:23,0.05,3600,158200
20240118,14:38:23,0.05,1400,158200
20240118,14:38:54,0.1,50,158200
20240118,14:39:35,0.05,11450,158200
20240118,14:39:44,0.05,300,158200
20240118,14:40:05,0.05,300,158200
20240118,14:40:17,0.05,2050,158200
20240118,14:41:15,0.05,50,158200
20240118,14:50:05,0.05,300,154400
20240118,14:54:00,0.05,50,154400
20240118,15:05:44,0.05,300,154100
20240118,15:05:47,0.05,300,154100
20240118,15:05:49,0.05,300,154100
20240118,15:05:55,0.05,750,154100
20240118,15:05:56,0.05,750,154100
20240118,15:05:57,0.05,600,154100
20240118,15:06:49,0.05,50,154100
20240118,15:09:50,0.05,50,151100
20240118,15:13:14,0.05,1000,151100
20240118,15:13:21,0.05,1800,151100
20240118,15:13:22,0.05,250,151100
20240118,15:29:32,0.05,900,151100
20240118,15:29:33,0.05,1800,151100
20240118,15:29:34,0.05,400,151100
