date,time,tick_price,volume,open_interest
20240124,09:28:37,52.4,600,4600
20240124,09:28:47,52.05,3950,4600
20240124,09:28:57,52.45,2800,4600
20240124,09:28:57,51.65,2800,4600
20240124,09:29:08,49.45,2400,4600
20240124,09:29:18,50.0,500,4600
20240124,09:29:38,49.2,100,4600
20240124,09:29:59,48.8,100,4600
20240124,09:30:10,48.45,200,4600
20240124,09:30:20,49.45,800,4600
20240124,09:31:18,48.55,100,4600
20240124,09:31:27,48.5,100,4600
20240124,09:31:37,48.6,50,4600
20240124,09:31:48,48.1,250,4600
20240124,09:32:11,47.95,100,4600
20240124,09:32:31,47.55,50,4600
20240124,09:32:52,47.4,100,4600
20240124,09:33:12,47.4,100,4600
20240124,09:34:29,48.15,50,4600
20240124,09:34:48,48.3,250,4600
20240124,09:35:27,47.75,100,4600
20240124,09:35:56,49.35,50,4600
20240124,09:36:36,50.25,100,4600
20240124,09:36:45,50.15,100,4600
20240124,09:36:55,50.7,100,4600
20240124,09:38:32,49.9,150,4600
20240124,09:38:52,50.0,300,4600
20240124,09:39:02,50.05,200,4950
20240124,09:39:12,49.85,200,4950
20240124,09:39:32,49.2,50,4950
20240124,09:40:05,48.8,3300,4950
20240124,09:40:16,48.95,150,4950
20240124,09:40:28,49.2,400,4950
20240124,09:40:40,49.55,450,4950
20240124,09:40:50,49.55,1500,4950
20240124,09:41:00,49.8,250,4950
20240124,09:41:10,51.2,200,4950
20240124,09:41:20,50.65,300,4950
20240124,09:41:30,50.85,750,4950
20240124,09:41:41,50.85,50,4950
20240124,09:42:01,52.05,450,10700
20240124,09:42:11,51.95,150,10700
20240124,09:42:21,52.05,350,10700
20240124,09:42:30,52.1,100,10700
20240124,09:45:06,51.7,50,11100
20240124,09:45:26,51.55,100,11100
20240124,09:45:46,51.2,50,11100
20240124,09:45:56,50.95,100,11100
20240124,09:46:31,50.55,50,11100
20240124,09:46:42,50.35,100,11100
20240124,09:48:42,47.0,1500,11250
20240124,09:57:10,46.0,50,11350
20240124,09:58:06,45.1,150,11350
20240124,09:58:35,45.1,900,11350
20240124,10:00:11,45.0,100,12450
20240124,10:00:35,43.3,550,12450
20240124,10:01:31,44.5,50,12450
20240124,10:02:55,46.75,50,12450
20240124,10:04:02,47.75,50,12800
20240124,10:04:14,48.35,200,12800
20240124,10:05:10,48.8,100,12800
20240124,10:05:23,48.5,50,12800
20240124,10:05:34,47.85,100,12800
20240124,10:05:44,47.3,200,12800
20240124,10:05:56,46.7,100,12800
20240124,10:07:37,45.0,100,12800
20240124,10:14:08,50.0,200,12900
20240124,10:14:28,49.7,100,12900
20240124,10:15:29,49.4,200,13000
20240124,10:20:37,46.0,100,12900
20240124,10:20:57,45.25,50,12900
20240124,10:21:19,45.05,50,12900
20240124,10:21:30,45.0,100,12900
20240124,10:21:39,45.0,50,12900
20240124,10:22:39,45.0,50,12900
20240124,10:26:20,45.55,250,12900
20240124,10:26:42,46.15,100,12900
20240124,10:26:52,46.15,200,12900
20240124,10:27:56,45.0,50,13200
20240124,10:30:08,45.0,200,13200
20240124,10:38:34,44.15,300,13300
20240124,10:40:04,44.2,150,13150
20240124,10:40:24,44.0,150,13150
20240124,10:41:36,45.05,100,13150
20240124,10:42:35,45.65,100,13450
20240124,10:42:44,45.7,50,13450
20240124,10:45:39,46.9,50,13400
20240124,10:46:00,46.35,150,13400
20240124,10:46:10,46.65,100,13400
20240124,10:46:50,46.95,50,13400
20240124,10:47:19,46.4,100,13400
20240124,10:48:28,46.45,50,13600
20240124,10:48:38,46.45,50,13600
20240124,10:52:54,45.95,50,13550
20240124,10:53:44,45.5,50,13550
20240124,10:54:13,44.35,200,13550
20240124,11:01:30,45.35,50,13450
20240124,11:10:43,45.95,100,13450
20240124,11:13:00,45.95,50,13500
20240124,11:24:55,46.0,50,13500
20240124,11:26:56,47.15,50,13500
20240124,11:30:19,49.0,150,13450
20240124,11:31:30,51.0,400,13450
20240124,11:32:28,51.95,150,13450
20240124,11:36:09,49.05,100,14000
20240124,11:36:22,49.0,200,14050
20240124,11:39:05,51.05,550,14050
20240124,11:42:49,47.65,200,14450
20240124,11:49:42,51.55,100,14350
20240124,11:52:52,50.8,50,14400
20240124,11:56:31,49.45,50,14450
20240124,11:56:59,49.95,50,14450
20240124,11:57:08,49.95,50,14450
20240124,11:57:36,50.5,50,14500
20240124,11:57:55,50.85,50,14500
20240124,11:58:06,51.25,100,14500
20240124,11:58:15,51.15,100,14500
20240124,11:59:05,50.75,50,14500
20240124,12:02:46,51.2,50,14750
20240124,12:04:49,51.0,50,14750
20240124,12:05:20,51.75,200,14750
20240124,12:06:32,51.2,100,14550
20240124,12:11:07,50.8,50,14550
20240124,12:12:58,51.4,50,14600
20240124,12:15:45,51.6,50,14550
20240124,12:16:41,49.9,100,14550
20240124,12:27:55,52.0,50,14500
20240124,12:29:14,52.0,100,14500
20240124,12:30:55,51.4,100,14650
20240124,12:33:07,51.9,250,14650
20240124,12:34:44,52.1,1000,14950
20240124,12:37:28,52.75,150,15150
20240124,12:42:08,53.0,50,15150
20240124,12:43:24,53.0,50,15150
20240124,12:45:36,52.4,50,15150
20240124,12:51:03,50.0,50,15150
20240124,12:51:34,49.85,100,15150
20240124,12:53:45,48.55,100,15150
20240124,13:01:10,47.15,50,15200
20240124,13:02:06,47.0,50,15200
20240124,13:02:16,47.25,200,15200
20240124,13:02:26,47.5,50,15200
20240124,13:04:07,47.8,50,15150
20240124,13:05:20,49.25,150,15150
20240124,13:09:25,49.0,50,15200
20240124,13:10:44,49.9,100,15250
20240124,13:16:47,49.65,50,15350
20240124,13:20:01,47.65,50,15350
20240124,13:30:02,48.9,50,15350
20240124,13:30:11,48.95,50,15350
20240124,13:30:21,49.15,50,15350
20240124,13:31:15,49.1,50,15500
20240124,13:35:43,49.4,200,15550
20240124,13:38:38,49.5,1500,15700
20240124,13:38:48,49.8,150,15700
20240124,13:39:45,49.7,450,16950
20240124,13:43:46,49.7,50,17300
20240124,13:44:13,49.7,50,17300
20240124,13:44:23,50.0,100,17300
20240124,13:44:32,49.7,50,17300
20240124,13:44:41,50.25,150,17300
20240124,13:54:17,49.0,50,17700
20240124,13:59:18,49.2,50,17650
20240124,14:00:32,49.2,100,17700
20240124,14:01:30,48.7,50,17700
20240124,14:05:47,46.5,50,17750
20240124,14:08:36,47.75,100,17800
20240124,14:11:41,48.0,50,17800
20240124,14:12:38,47.85,50,17800
20240124,14:12:48,47.9,50,17900
20240124,14:15:55,47.25,50,17950
20240124,14:16:43,48.0,50,17950
20240124,14:21:20,47.0,50,18050
20240124,14:29:42,45.8,50,18000
20240124,14:30:22,45.75,200,18000
20240124,14:36:02,45.0,150,18050
20240124,14:36:25,44.65,50,18050
20240124,14:39:13,44.55,100,18050
20240124,14:40:50,44.5,50,17950
20240124,14:41:11,44.35,50,17950
20240124,14:41:35,44.35,550,17950
20240124,14:42:58,43.15,150,18200
20240124,14:43:43,43.0,50,18200
20240124,14:47:47,43.0,50,18300
20240124,14:48:35,43.9,50,18300
20240124,14:53:50,44.4,200,18250
20240124,14:58:59,42.8,100,18250
20240124,14:59:10,42.8,50,18250
20240124,15:00:02,41.85,300,18250
20240124,15:02:55,43.5,300,18250
20240124,15:03:07,44.4,50,18250
20240124,15:08:14,42.9,100,18250
20240124,15:16:29,41.2,50,18350
20240124,15:16:40,41.2,150,18350
20240124,15:16:50,41.1,50,18350
20240124,15:17:11,41.1,100,18350
20240124,15:17:22,41.7,100,18350
20240124,15:17:33,41.65,200,18350
20240124,15:17:44,41.65,50,18350
20240124,15:18:16,40.5,100,18350
20240124,15:18:36,40.7,50,18350
20240124,15:19:43,40.7,100,18800
20240124,15:19:54,40.0,250,18800
20240124,15:20:34,41.3,50,18800
20240124,15:21:02,39.9,100,18800
20240124,15:21:57,39.9,350,19150
20240124,15:22:17,39.9,250,19150
20240124,15:22:27,39.9,50,19150
20240124,15:22:36,39.95,200,19150
20240124,15:22:45,40.25,150,19150
20240124,15:22:53,40.25,50,19150
20240124,15:23:02,40.0,100,19150
20240124,15:23:12,39.9,350,19150
20240124,15:23:30,40.05,100,19150
20240124,15:23:39,40.15,150,19150
20240124,15:23:48,40.8,50,19150
20240124,15:23:58,39.9,400,19150
20240124,15:24:08,40.45,100,19150
20240124,15:24:18,40.65,150,19150
20240124,15:24:46,40.7,200,20200
20240124,15:25:04,40.15,100,20200
20240124,15:25:41,40.55,200,20200
20240124,15:26:27,39.2,100,20200
20240124,15:27:16,39.2,50,20200
20240124,15:27:36,40.1,200,20200
20240124,15:27:47,39.8,200,20650
20240124,15:27:56,39.8,150,20650
20240124,15:28:05,39.8,50,20650
20240124,15:28:14,39.4,350,20650
20240124,15:28:23,39.5,200,20650
20240124,15:28:32,39.55,100,20650
20240124,15:28:51,39.75,150,20650
20240124,15:29:09,39.75,50,20650
20240124,15:29:37,39.25,100,20650
20240124,15:29:48,39.75,100,20650
20240125,09:15:45,38.0,1,21900
20240125,09:15:45,38.0,50,21900
20240125,09:15:56,38.05,50,21900
20240125,09:18:42,43.0,250,21900
20240125,09:18:52,42.75,200,21900
20240125,09:21:46,42.4,150,21750
20240125,09:22:26,42.2,50,21750
20240125,09:22:55,42.2,50,21750
20240125,09:23:55,43.0,50,21750
20240125,09:25:00,44.45,50,21650
20240125,09:27:54,44.45,150,21700
20240125,09:32:04,42.0,50,21700
20240125,09:34:13,42.95,1000,21750
20240125,09:37:24,43.5,200,21750
20240125,09:39:30,43.3,50,21850
20240125,09:45:08,44.4,50,21900
20240125,09:58:11,45.1,200,21900
20240125,10:05:34,45.1,50,22100
20240125,10:06:24,44.0,400,22150
20240125,10:06:35,44.05,200,22150
20240125,10:07:04,44.1,50,22150
20240125,10:10:38,44.05,50,22800
20240125,10:19:40,45.15,100,22850
20240125,10:20:50,46.0,100,22850
20240125,10:21:01,46.45,50,22850
20240125,10:21:58,46.45,50,23100
20240125,10:22:51,46.85,150,23100
20240125,10:23:01,46.85,300,23100
20240125,10:23:34,47.35,100,23100
20240125,10:24:10,47.35,50,23100
20240125,10:27:38,47.35,150,23300
20240125,10:27:47,45.0,850,23300
20240125,10:27:57,45.5,100,23300
20240125,10:34:47,45.45,50,23800
20240125,10:35:17,45.45,50,23800
20240125,10:36:07,45.45,50,23800
20240125,10:36:18,45.5,300,23900
20240125,10:37:17,44.45,200,23900
20240125,10:39:23,44.2,50,24150
20240125,10:39:41,44.2,150,24150
20240125,10:40:10,44.1,50,24150
20240125,10:40:38,44.2,300,24150
20240125,10:41:21,44.2,150,24150
20240125,10:42:31,44.05,950,24700
20240125,10:42:42,44.2,1050,24700
20240125,10:42:53,44.25,1750,24700
20240125,10:43:12,44.15,250,24700
20240125,10:43:43,44.2,450,24700
20240125,10:43:54,44.2,1150,24700
20240125,10:44:34,44.25,300,24700
20240125,10:47:14,44.8,2850,26350
20240125,10:48:01,45.5,50,26350
20240125,10:48:30,45.5,50,28500
20240125,10:48:59,45.25,50,28500
20240125,10:50:05,45.15,50,28500
20240125,10:50:52,45.2,50,28500
20240125,10:51:02,45.5,50,28500
20240125,10:53:38,45.7,100,28500
20240125,10:53:58,46.0,50,28500
20240125,10:54:43,47.35,450,28550
20240125,10:55:18,48.15,200,28550
20240125,10:56:15,48.15,1000,28550
20240125,10:56:26,47.85,850,28550
20240125,10:57:58,47.7,150,28100
20240125,11:01:43,47.55,50,27950
20240125,11:02:27,48.0,50,27950
20240125,11:03:30,46.55,50,28000
20240125,11:04:04,46.55,50,28000
20240125,11:04:15,46.5,100,28000
20240125,11:07:31,46.65,50,28050
20240125,11:08:19,46.5,200,28050
20240125,11:09:35,46.5,300,28250
20240125,11:10:42,46.55,50,28250
20240125,11:10:52,46.5,200,28250
20240125,11:11:03,46.45,50,28250
20240125,11:11:42,46.25,100,28250
20240125,11:11:53,45.85,200,28250
20240125,11:12:14,45.7,150,28250
20240125,11:12:33,45.95,50,28250
20240125,11:13:01,45.9,100,28250
20240125,11:13:39,46.3,50,28250
20240125,11:15:39,46.45,100,28350
20240125,11:17:59,45.85,500,28350
20240125,11:20:17,45.0,50,28550
20240125,11:23:28,44.55,100,28550
20240125,11:23:49,45.1,100,28550
20240125,11:27:21,45.8,250,28550
20240125,11:28:14,45.85,50,28650
20240125,11:28:46,46.4,150,28650
20240125,11:28:56,46.25,50,28650
20240125,11:29:06,46.2,50,28650
20240125,11:29:17,46.6,100,28650
20240125,11:35:55,45.25,150,28700
20240125,11:39:11,41.45,650,28750
20240125,11:43:48,41.0,50,28450
20240125,11:43:58,41.05,100,28450
20240125,11:49:09,42.45,50,28450
20240125,11:49:21,43.1,50,28450
20240125,11:50:51,45.25,100,28450
20240125,11:53:28,44.0,50,28500
20240125,11:56:59,45.4,200,28500
20240125,11:57:09,45.7,100,28500
20240125,11:58:00,45.0,50,28700
20240125,11:59:19,44.75,200,28700
20240125,12:03:28,43.6,50,28800
20240125,12:11:48,45.0,50,28850
20240125,12:16:12,45.7,100,28850
20240125,12:22:09,47.0,250,28950
20240125,12:24:43,45.6,100,28950
20240125,12:25:30,46.0,150,28950
20240125,12:30:55,45.4,1450,28800
20240125,12:31:22,45.95,800,28800
20240125,12:31:49,46.3,300,28800
20240125,12:31:58,46.3,300,28800
20240125,12:32:17,46.6,300,28800
20240125,12:32:27,47.3,50,28800
20240125,12:36:21,46.25,50,27200
20240125,12:38:30,45.25,50,27250
20240125,12:39:26,44.45,100,27250
20240125,12:39:46,43.9,100,27300
20240125,12:39:55,43.95,50,27300
20240125,12:40:25,43.75,150,27300
20240125,12:41:23,43.95,200,27300
20240125,12:44:00,45.3,150,27600
20240125,12:44:09,45.4,250,27600
20240125,12:44:19,44.95,250,27600
20240125,12:44:54,44.75,50,27600
20240125,12:45:30,44.45,50,27600
20240125,12:46:15,45.05,250,28200
20240125,12:48:20,44.9,300,28200
20240125,12:51:16,45.25,200,28550
20240125,12:54:53,44.75,100,28750
20240125,12:56:45,45.4,300,28750
20240125,12:57:49,45.15,50,28800
20240125,12:58:26,45.4,50,28800
20240125,13:04:43,45.9,50,28850
20240125,13:06:09,44.9,250,28850
20240125,13:06:19,44.9,50,28850
20240125,13:09:06,45.85,50,28600
20240125,13:13:35,45.55,50,28600
20240125,13:15:11,45.0,100,28600
20240125,13:17:17,44.5,50,28600
20240125,13:33:59,46.5,350,28600
20240125,13:46:00,43.5,300,28600
20240125,13:51:38,43.55,50,28350
20240125,13:53:53,43.95,50,28350
20240125,13:54:03,44.0,100,28350
20240125,13:56:17,44.1,150,28350
20240125,13:57:06,42.95,100,28350
20240125,13:58:05,42.4,200,28400
20240125,14:14:47,43.7,50,28350
20240125,14:16:12,44.1,100,28350
20240125,14:17:26,44.85,50,28350
20240125,14:17:45,44.45,50,28350
20240125,14:19:13,44.5,50,28300
20240125,14:22:00,44.5,50,28250
20240125,14:27:45,44.3,50,28200
20240125,14:27:54,44.45,50,28250
20240125,14:30:29,44.1,300,28250
20240125,14:33:17,44.4,100,28300
20240125,14:34:48,44.05,50,28400
20240125,14:35:15,43.9,100,28400
20240125,14:35:24,44.0,50,28400
20240125,14:36:11,44.35,50,28400
20240125,14:40:00,44.95,100,28450
20240125,14:41:28,44.5,300,28450
20240125,14:42:24,44.25,300,28450
20240125,14:42:33,44.45,50,28450
20240125,14:42:53,44.45,50,28750
20240125,14:43:04,44.5,100,28750
20240125,14:43:52,44.5,50,28750
20240125,14:44:03,44.5,100,28750
20240125,14:46:22,43.65,50,29050
20240125,14:48:01,43.5,50,29050
20240125,14:50:36,42.95,50,29000
20240125,14:55:17,42.95,50,29000
20240125,15:00:09,42.4,50,29000
20240125,15:01:09,41.3,350,28950
20240125,15:01:30,40.75,50,28950
20240125,15:02:02,40.05,50,28950
20240125,15:02:53,39.95,150,28950
20240125,15:03:03,39.0,50,28950
20240125,15:05:52,39.65,50,28800
20240125,15:06:03,39.0,50,28800
20240125,15:06:59,38.5,100,28800
20240125,15:08:22,38.35,50,28800
20240125,15:08:43,38.35,50,28800
20240125,15:10:01,38.05,50,28800
20240125,15:10:22,38.5,150,28800
20240125,15:11:57,38.55,100,28800
20240125,15:12:09,38.5,800,28800
20240125,15:12:42,38.35,50,28800
20240125,15:12:54,37.7,50,28800
20240125,15:13:05,37.4,300,28400
20240125,15:13:48,36.25,50,28400
20240125,15:13:59,36.25,250,28400
20240125,15:14:30,36.95,100,28400
20240125,15:14:42,36.95,200,28400
20240125,15:15:24,36.5,1500,28400
20240125,15:15:33,36.95,150,28400
20240125,15:16:17,36.95,50,28450
20240125,15:17:31,37.0,50,28450
20240125,15:18:35,37.0,50,28450
20240125,15:18:56,36.75,50,28450
20240125,15:19:27,37.15,50,28550
20240125,15:19:38,36.8,100,28550
20240125,15:20:54,36.95,50,28550
20240125,15:21:54,36.3,100,28550
20240125,15:22:12,35.95,50,28450
20240125,15:24:40,35.95,100,28450
20240125,15:24:49,36.0,400,28450
20240125,15:24:58,36.3,150,28450
20240125,15:26:07,37.1,100,28550
20240125,15:26:27,36.7,50,28550
20240125,15:26:37,36.5,50,28550
20240125,15:28:49,35.95,100,28400
20240129,09:15:02,37.5,1,28450
20240129,09:15:02,37.5,50,28450
20240129,09:16:06,34.25,150,28450
20240129,09:16:21,34.25,200,28450
20240129,09:17:15,34.05,700,28800
20240129,09:18:55,34.7,200,28800
20240129,09:19:52,35.6,50,28800
20240129,09:20:00,35.55,300,28800
20240129,09:20:09,35.3,300,28800
20240129,09:20:26,35.8,550,29450
20240129,09:20:36,35.8,1350,29450
20240129,09:20:45,35.45,200,29450
20240129,09:20:55,35.5,150,29450
20240129,09:21:05,35.5,500,29450
20240129,09:21:15,34.7,150,29450
20240129,09:21:25,34.5,50,29450
20240129,09:21:45,34.8,50,29450
20240129,09:22:11,35.0,350,29450
20240129,09:22:19,34.4,50,29450
20240129,09:23:01,34.65,150,29450
20240129,09:23:26,34.5,50,31500
20240129,09:23:34,34.6,200,31500
20240129,09:23:42,34.7,50,31500
20240129,09:23:52,34.8,150,31500
20240129,09:24:38,34.45,50,31500
20240129,09:24:47,34.55,50,31500
20240129,09:24:57,34.65,50,31500
20240129,09:25:17,34.2,50,31500
20240129,09:27:11,34.95,300,31650
20240129,09:27:40,34.9,250,31650
20240129,09:27:48,34.95,50,31650
20240129,09:28:13,34.95,50,31650
20240129,09:28:21,34.95,100,31650
20240129,09:28:30,34.95,50,31650
20240129,09:28:40,34.8,100,31650
20240129,09:28:49,34.95,50,31650
20240129,09:28:58,34.95,50,31650
20240129,09:29:17,35.0,100,31650
20240129,09:29:44,35.4,50,31750
20240129,09:32:12,36.0,100,31750
20240129,09:33:57,36.8,50,31750
20240129,09:34:33,36.85,100,31750
20240129,09:35:17,37.05,50,31650
20240129,09:35:25,37.15,50,31650
20240129,09:36:16,37.8,50,31650
20240129,09:37:13,37.8,100,31650
20240129,09:37:55,36.7,500,31650
20240129,09:40:10,37.1,150,31450
20240129,09:40:27,36.75,350,31450
20240129,09:42:49,36.5,300,31450
20240129,09:42:57,37.75,200,31450
20240129,09:43:06,37.7,50,31450
20240129,09:43:14,38.0,200,31450
20240129,09:43:31,38.0,100,31450
20240129,09:45:16,37.3,50,31050
20240129,09:47:39,37.15,50,31050
20240129,09:47:46,37.05,100,31050
20240129,09:48:36,36.9,100,31050
20240129,09:48:44,37.3,100,31050
20240129,09:50:10,36.25,250,31050
20240129,09:50:52,36.8,100,30850
20240129,09:51:29,36.4,50,30850
20240129,09:52:10,36.5,200,30850
20240129,09:52:55,36.5,50,30850
20240129,09:54:07,36.9,50,30950
20240129,09:55:31,37.35,150,30950
20240129,09:56:19,37.05,100,30950
20240129,09:56:26,37.0,250,31100
20240129,09:56:49,36.3,50,31100
20240129,09:56:57,36.05,200,31100
20240129,09:57:04,36.25,200,31100
20240129,09:57:42,36.3,150,31100
20240129,09:57:52,36.25,150,31100
20240129,10:00:11,35.05,100,31250
20240129,10:00:48,35.2,50,31250
20240129,10:01:24,35.25,50,31250
20240129,10:01:42,35.15,150,31250
20240129,10:02:17,35.5,50,31300
20240129,10:02:25,35.75,150,31300
20240129,10:03:05,36.1,100,31300
20240129,10:05:24,37.0,50,31050
20240129,10:05:47,37.05,100,31050
20240129,10:05:55,37.25,50,31050
20240129,10:07:12,37.3,50,31050
20240129,10:07:53,37.5,300,31050
20240129,10:08:58,37.2,400,31250
20240129,10:09:08,36.9,1700,31250
20240129,10:10:21,37.5,100,31250
20240129,10:10:29,37.35,50,31250
20240129,10:11:27,37.55,50,31200
20240129,10:13:18,37.2,100,31200
20240129,10:14:24,37.35,50,31100
20240129,10:14:58,37.7,350,31100
20240129,10:15:13,37.5,200,31100
20240129,10:15:21,37.5,550,31100
20240129,10:15:47,37.35,50,31100
20240129,10:16:03,37.1,50,31100
20240129,10:17:51,37.3,50,31300
20240129,10:20:59,37.0,150,31300
20240129,10:22:14,37.2,50,31300
20240129,10:23:44,37.2,100,31250
20240129,10:24:12,37.2,250,31250
20240129,10:24:35,37.05,50,31250
20240129,10:25:23,37.0,150,31250
20240129,10:25:46,36.85,150,31250
20240129,10:26:53,36.9,50,31300
20240129,10:27:03,37.05,150,31300
20240129,10:33:08,38.0,50,31300
20240129,10:33:17,37.2,150,31300
20240129,10:33:33,37.0,200,31300
20240129,10:35:44,37.3,50,31100
20240129,10:36:24,37.3,150,31100
20240129,10:38:07,37.3,50,31100
20240129,10:38:58,37.5,500,31050
20240129,10:39:23,37.5,450,31050
20240129,10:39:42,36.9,50,31050
20240129,10:40:12,37.35,50,31050
20240129,10:40:51,37.05,50,31050
20240129,10:45:34,37.75,50,31100
20240129,10:48:07,37.05,500,31050
20240129,10:50:54,37.35,50,31150
20240129,10:51:35,37.25,50,31150
20240129,10:52:22,37.3,50,31150
20240129,10:52:29,37.35,50,31150
20240129,10:52:51,37.35,50,31150
20240129,10:53:08,37.45,50,31150
20240129,10:54:03,37.55,100,31000
20240129,10:55:30,37.35,50,31000
20240129,10:57:10,37.45,150,30950
20240129,10:58:29,37.1,50,30950
20240129,10:58:38,37.35,150,30950
20240129,11:01:24,40.65,8000,30900
20240129,11:01:42,37.05,50,30900
20240129,11:03:00,37.05,100,31050
20240129,11:06:56,36.3,50,31050
20240129,11:07:06,36.15,100,31050
20240129,11:07:16,36.5,400,31050
20240129,11:07:42,36.5,100,31050
20240129,11:10:13,36.4,50,31600
20240129,11:10:30,36.35,50,31600
20240129,11:13:43,36.2,100,31550
20240129,11:14:46,36.45,50,31450
20240129,11:17:25,36.15,50,31450
20240129,11:19:41,36.6,400,31450
20240129,11:19:52,37.0,1600,31450
20240129,11:21:21,36.65,150,31300
20240129,11:21:40,36.65,100,31300
20240129,11:21:50,36.6,50,31300
20240129,11:22:08,36.75,50,31300
20240129,11:22:17,36.75,50,31300
20240129,11:22:25,36.7,200,31300
20240129,11:23:11,36.55,50,31300
20240129,11:23:27,36.7,150,31300
20240129,11:23:37,36.85,350,31100
20240129,11:23:48,36.85,250,31100
20240129,11:23:59,36.75,550,31100
20240129,11:24:07,36.65,150,31100
20240129,11:24:25,36.8,50,31100
20240129,11:24:52,36.6,50,31100
20240129,11:25:53,36.55,50,31100
20240129,11:26:01,36.55,50,31100
20240129,11:26:10,36.5,550,31100
20240129,11:29:33,36.0,100,30550
20240129,11:29:56,35.65,100,30550
20240129,11:30:25,35.6,600,30550
20240129,11:30:47,35.6,600,30550
20240129,11:39:35,36.2,50,31800
20240129,11:48:52,36.0,1150,31750
20240129,11:49:17,35.15,1500,31750
20240129,11:49:36,35.25,500,31750
20240129,11:50:02,36.0,600,31750
20240129,11:50:36,35.9,50,31750
20240129,11:51:53,35.9,50,33250
20240129,11:52:51,35.65,50,33250
20240129,11:54:08,35.4,200,33300
20240129,11:54:27,35.2,1600,33300
20240129,11:54:37,35.0,450,33300
20240129,11:54:47,35.1,250,33300
20240129,12:02:36,35.55,50,33750
20240129,12:05:04,35.35,50,33800
20240129,12:06:55,35.6,50,33800
20240129,12:07:03,35.6,100,33800
20240129,12:07:12,35.6,150,33800
20240129,12:07:56,35.7,100,33800
20240129,12:10:13,35.55,50,34000
20240129,12:10:58,35.55,50,34000
20240129,12:15:52,35.6,50,34100
20240129,12:17:51,35.8,150,34150
20240129,12:20:34,35.2,150,34150
20240129,12:26:52,35.8,150,34400
20240129,12:27:02,35.45,550,34400
20240129,12:28:26,35.1,100,34400
20240129,12:29:27,35.1,1150,34400
20240129,12:29:45,35.35,50,33600
20240129,12:41:21,36.0,300,33650
20240129,12:43:47,35.55,100,33950
20240129,12:46:46,35.35,50,33950
20240129,12:47:30,35.25,300,33950
20240129,12:49:39,35.6,200,33950
20240129,12:50:03,35.65,50,33950
20240129,12:51:26,35.3,150,34000
20240129,12:52:01,35.3,50,34000
20240129,12:52:29,35.35,50,34000
20240129,12:53:59,35.4,50,34050
20240129,12:56:03,35.65,150,34050
20240129,12:56:11,35.6,100,34050
20240129,12:59:02,35.65,50,34000
20240129,13:01:01,35.6,100,34000
20240129,13:01:40,35.55,50,34000
20240129,13:04:48,35.75,50,33900
20240129,13:08:19,35.85,50,33950
20240129,13:08:37,35.85,150,33950
20240129,13:11:07,36.05,100,33850
20240129,13:11:32,36.25,50,33850
20240129,13:11:41,36.05,50,33850
20240129,13:13:00,36.05,50,33700
20240129,13:14:26,36.25,50,33700
20240129,13:18:19,36.2,150,33800
20240129,13:18:43,36.0,450,33800
20240129,13:18:51,36.0,150,33800
20240129,13:21:41,36.05,100,33650
20240129,13:22:31,36.15,100,33650
20240129,13:24:44,36.5,100,33650
20240129,13:30:57,36.5,100,33750
20240129,13:31:15,36.55,500,33750
20240129,13:32:42,36.5,300,33750
20240129,13:35:37,36.5,100,34400
20240129,13:36:00,36.4,100,34450
20240129,13:36:10,36.75,150,34450
20240129,13:36:51,36.6,100,34450
20240129,13:37:18,36.4,50,34450
20240129,13:40:15,36.3,200,34600
20240129,13:45:35,36.5,350,34500
20240129,13:46:07,36.55,250,34500
20240129,13:46:15,36.5,200,34500
20240129,13:47:08,36.75,50,34500
20240129,13:53:51,36.2,50,35350
20240129,13:56:51,37.0,200,35350
20240129,13:58:07,36.3,50,35150
20240129,13:59:39,36.8,100,35150
20240129,13:59:48,36.85,200,35150
20240129,14:01:21,36.5,50,35150
20240129,14:02:37,36.5,50,35150
20240129,14:02:56,36.35,50,35150
20240129,14:03:50,36.9,150,35150
20240129,14:15:12,36.95,350,35350
20240129,14:15:23,37.25,200,35350
20240129,14:16:08,37.25,150,35350
20240129,14:17:45,36.85,50,35350
20240129,14:18:12,36.75,50,35200
20240129,14:18:21,36.8,100,35200
20240129,14:19:16,36.5,50,35200
20240129,14:24:26,37.45,300,35250
20240129,14:27:21,36.7,50,35200
20240129,14:35:45,36.55,50,35200
20240129,14:39:32,36.6,100,35250
20240129,14:40:13,36.45,150,35250
20240129,14:40:30,36.65,300,35250
20240129,14:40:39,36.65,450,35250
20240129,14:40:50,36.6,300,35250
20240129,14:41:09,36.75,750,35250
20240129,14:41:18,36.7,150,35250
20240129,14:48:13,37.25,50,37050
20240129,14:51:17,36.75,100,37050
20240129,14:54:19,37.0,50,37050
20240129,14:54:51,36.95,50,37050
20240129,14:57:48,37.45,150,37050
20240129,14:58:26,37.75,300,37050
20240129,14:58:50,38.2,100,37050
20240129,14:59:02,38.0,50,37050
20240129,14:59:43,37.25,50,37050
20240129,15:01:41,37.0,150,37150
20240129,15:02:19,36.75,350,37150
20240129,15:02:30,36.9,450,37150
20240129,15:05:49,37.55,100,37400
20240129,15:08:12,36.45,1000,37400
20240129,15:08:49,36.5,250,37400
20240129,15:08:58,37.2,150,37400
20240129,15:09:19,36.75,50,38550
20240129,15:10:11,36.55,150,38550
20240129,15:10:33,36.75,2250,38550
20240129,15:17:39,37.4,50,39000
20240129,15:19:03,37.45,50,39000
20240129,15:20:45,37.3,50,39000
20240129,15:21:46,36.5,250,39050
20240129,15:22:36,37.2,100,39050
20240129,15:23:05,36.55,100,39050
20240129,15:23:57,36.5,100,39050
20240129,15:24:20,36.95,200,39050
20240129,15:25:12,37.0,50,39050
20240129,15:26:04,36.95,150,39050
20240129,15:26:57,36.7,150,39050
20240129,15:28:12,36.5,200,39050
20240129,15:28:22,36.15,400,39050
20240129,15:28:41,36.85,50,39050
20240129,15:29:14,36.25,300,39050
20240129,15:29:27,36.25,550,39050
20240129,15:29:39,36.75,100,39050
20240130,09:28:53,40.0,1,38550
20240130,09:28:53,40.0,50,38550
20240130,09:36:17,40.8,50,38600
20240130,09:36:28,41.0,200,38600
20240130,09:40:10,41.0,50,38650
20240130,09:40:21,38.9,750,38650
20240130,09:40:52,38.75,150,38650
20240130,09:42:33,38.1,900,38750
20240130,09:43:19,37.05,100,38750
20240130,09:44:05,37.05,350,38750
20240130,09:44:49,37.95,100,38950
20240130,09:45:33,38.0,500,38950
20240130,09:46:27,37.8,550,38950
20240130,09:48:16,38.5,50,39450
20240130,09:48:26,39.1,50,39450
20240130,09:49:31,38.5,50,39450
20240130,09:53:38,38.85,100,39600
20240130,09:55:47,39.65,100,39600
20240130,09:55:59,39.65,100,39600
20240130,09:56:33,40.0,50,39800
20240130,09:57:38,39.0,150,39800
20240130,09:57:48,39.0,100,39800
20240130,10:00:27,37.4,50,39650
20240130,10:00:40,37.65,300,39650
20240130,10:03:38,38.2,50,39650
20240130,10:12:30,38.1,100,39600
20240130,10:16:28,37.2,150,39600
20240130,10:18:54,36.75,50,39600
20240130,10:19:36,36.7,650,39600
20240130,10:20:08,36.85,50,39600
20240130,10:20:18,36.8,50,39600
20240130,10:20:39,36.6,50,40250
20240130,10:23:10,36.6,400,40250
20240130,10:24:54,36.2,150,40700
20240130,10:26:03,36.2,50,40700
20240130,10:26:23,36.8,50,40700
20240130,10:26:45,37.05,50,40700
20240130,10:26:55,36.9,100,40700
20240130,10:28:00,37.6,100,40700
20240130,10:28:22,37.55,50,40700
20240130,10:30:13,37.2,300,40800
20240130,10:31:29,36.95,50,40800
20240130,10:33:39,37.3,50,41100
20240130,10:34:01,37.35,50,41100
20240130,10:38:19,36.0,50,41100
20240130,10:38:29,35.7,150,41100
20240130,10:41:06,35.7,50,41000
20240130,10:41:26,36.4,50,41000
20240130,10:44:03,36.75,50,41100
20240130,10:44:14,36.8,50,41100
20240130,10:47:30,37.0,100,41150
20240130,10:47:40,37.15,100,41150
20240130,10:48:19,37.25,50,41250
20240130,10:49:35,37.35,100,41250
20240130,10:49:44,37.2,100,41250
20240130,10:50:05,36.65,50,41250
20240130,10:50:26,37.0,100,41250
20240130,10:50:37,37.0,300,41250
20240130,10:50:50,37.15,100,41150
20240130,10:52:15,37.35,50,41150
20240130,10:54:08,36.45,100,41100
20240130,10:55:20,36.8,50,41100
20240130,10:55:30,37.15,50,41100
20240130,10:55:41,37.2,350,41100
20240130,10:55:51,36.9,50,41100
20240130,10:56:01,36.95,450,41100
20240130,10:56:12,36.4,50,41100
20240130,10:56:54,36.85,50,41050
20240130,11:00:42,36.65,50,41050
20240130,11:05:24,36.65,50,41100
20240130,11:05:33,36.85,100,41100
20240130,11:07:35,37.5,650,41100
20240130,11:07:46,37.5,50,41100
20240130,11:07:57,37.8,100,41100
20240130,11:08:08,37.7,100,41100
20240130,11:08:30,37.8,100,41100
20240130,11:09:24,37.4,100,41100
20240130,11:09:48,37.8,200,41100
20240130,11:10:01,37.95,300,41100
20240130,11:10:32,37.8,300,41100
20240130,11:11:06,37.6,50,41100
20240130,11:11:49,37.85,200,40350
20240130,11:12:54,37.65,50,40350
20240130,11:15:53,37.15,200,40350
20240130,11:18:41,37.25,50,40300
20240130,11:20:38,37.75,100,40250
20240130,11:20:47,37.55,350,40250
20240130,11:21:07,37.4,100,40250
20240130,11:21:25,37.15,50,40250
20240130,11:23:24,37.7,200,40250
20240130,11:25:01,37.95,100,40450
20240130,11:25:40,37.95,50,40450
20240130,11:35:02,37.2,150,40550
20240130,11:36:24,36.5,150,40600
20240130,11:36:35,36.05,400,40600
20240130,11:46:51,36.3,50,40600
20240130,11:47:00,36.25,200,40600
20240130,11:59:16,36.05,50,40350
20240130,12:03:56,37.15,100,40300
20240130,12:09:47,37.55,50,40250
20240130,12:10:25,36.65,100,40250
20240130,12:11:00,36.0,200,40250
20240130,12:11:27,36.9,50,40250
20240130,12:11:36,36.9,50,40250
20240130,12:11:53,36.9,100,40250
20240130,12:12:02,36.95,50,40250
20240130,12:17:34,36.9,50,40350
20240130,12:22:04,36.75,100,40400
20240130,12:24:08,36.85,100,40400
20240130,12:24:17,36.8,50,40400
20240130,12:25:03,37.1,100,40400
20240130,12:35:05,36.5,50,40500
20240130,12:38:36,36.1,150,40500
20240130,12:43:23,36.6,100,40500
20240130,12:43:32,36.6,100,40500
20240130,12:44:27,37.05,150,40500
20240130,12:44:35,37.0,50,40500
20240130,12:46:20,36.95,50,40550
20240130,12:47:58,36.4,300,40550
20240130,12:51:54,36.7,50,40300
20240130,12:52:28,36.5,50,40300
20240130,12:59:37,36.05,150,40350
20240130,13:07:44,37.05,50,40450
20240130,13:21:25,37.15,50,40450
20240130,13:23:16,37.35,100,40450
20240130,13:24:16,36.85,50,40500
20240130,13:24:26,36.25,100,40500
20240130,13:24:46,36.2,50,40500
20240130,13:26:57,36.0,50,40500
20240130,13:27:07,36.0,250,40650
20240130,13:27:17,36.0,400,40650
20240130,13:27:27,36.0,150,40650
20240130,13:29:00,35.5,150,40650
20240130,13:29:18,35.5,50,40650
20240130,13:29:37,35.45,50,40650
20240130,13:29:47,35.45,50,40650
20240130,13:30:04,35.55,50,41350
20240130,13:30:24,35.75,50,41350
20240130,13:31:08,35.45,100,41350
20240130,13:32:32,35.9,100,41350
20240130,13:32:50,35.45,50,41350
20240130,13:35:37,36.15,50,41500
20240130,13:35:46,36.1,100,41500
20240130,13:36:21,36.25,50,41550
20240130,13:36:30,36.25,50,41550
20240130,13:37:40,35.7,50,41550
20240130,13:38:08,35.15,50,41550
20240130,13:40:44,35.15,450,41550
20240130,13:41:12,35.3,50,41550
20240130,13:41:57,35.9,150,42000
20240130,13:42:58,36.35,150,42000
20240130,13:43:25,36.35,150,42000
20240130,13:49:23,36.45,50,42300
20240130,13:50:17,36.8,50,42300
20240130,13:50:43,36.75,50,42300
20240130,13:50:52,36.8,50,42300
20240130,13:51:00,36.75,50,42300
20240130,13:52:56,36.7,50,42300
20240130,13:54:06,36.85,50,42300
20240130,13:55:18,35.9,100,42300
20240130,13:56:14,35.75,50,42300
20240130,13:56:41,36.45,50,42300
20240130,14:00:59,36.25,50,42400
20240130,14:09:17,36.85,50,42450
20240130,14:10:08,36.75,50,42450
20240130,14:11:15,36.8,50,42450
20240130,14:11:25,36.7,50,42450
20240130,14:13:34,36.05,100,42650
20240130,14:14:15,36.0,50,42650
20240130,14:14:56,35.5,50,42650
20240130,14:16:55,36.0,50,42650
20240130,14:23:23,36.05,200,42650
20240130,14:23:32,36.0,50,42650
20240130,14:24:20,36.85,50,42800
20240130,14:29:39,37.75,50,42800
20240130,14:32:01,39.0,100,42800
20240130,14:35:26,39.0,50,42800
20240130,14:35:50,39.4,150,42800
20240130,14:36:03,40.35,100,42800
20240130,14:36:50,40.3,250,43000
20240130,14:37:12,40.35,50,43000
20240130,14:42:17,39.0,50,43200
20240130,14:45:02,38.3,100,43200
20240130,14:45:12,39.0,50,43050
20240130,14:50:25,39.0,150,43000
20240130,14:53:57,39.0,300,42950
20240130,14:55:40,39.75,50,42950
20240130,14:57:00,39.05,350,42950
20240130,14:57:50,39.45,50,43200
20240130,14:58:38,39.45,50,43200
20240130,14:59:27,39.1,100,43200
20240130,14:59:37,39.0,300,43200
20240130,15:00:06,39.25,50,43200
20240130,15:00:16,39.45,50,43350
20240130,15:00:27,38.45,100,43350
20240130,15:01:12,39.9,50,43350
20240130,15:01:25,39.9,850,43350
20240130,15:01:37,40.0,150,43350
20240130,15:01:50,40.3,100,43350
20240130,15:02:01,40.3,50,43350
20240130,15:02:13,40.35,1300,43350
20240130,15:02:25,40.05,100,43350
20240130,15:02:36,40.1,200,43350
20240130,15:02:56,40.0,200,43350
20240130,15:03:07,39.95,100,43350
20240130,15:03:18,39.75,100,44600
20240130,15:03:41,39.05,50,44600
20240130,15:04:01,39.3,50,44600
20240130,15:06:16,39.7,50,44600
20240130,15:08:39,39.75,150,44600
20240130,15:09:10,39.8,300,44550
20240130,15:09:19,40.0,450,44550
20240130,15:10:21,40.0,150,44550
20240130,15:10:42,39.9,50,44550
20240130,15:11:02,39.95,50,44550
20240130,15:11:22,40.0,50,44550
20240130,15:11:32,39.95,150,44550
20240130,15:11:43,40.15,50,44550
20240130,15:11:53,40.25,50,44550
20240130,15:12:03,40.0,600,44550
20240130,15:12:13,40.15,100,44550
20240130,15:12:52,40.25,1000,44150
20240130,15:13:20,40.45,550,44150
20240130,15:13:30,40.65,150,44150
20240130,15:13:51,40.35,150,44150
20240130,15:15:13,40.25,1550,42350
20240130,15:15:24,40.35,300,42350
20240130,15:15:34,40.7,500,42350
20240130,15:15:45,39.95,100,42350
20240130,15:16:39,40.4,1500,42350
20240130,15:16:50,40.0,500,42350
20240130,15:17:20,39.95,50,42350
20240130,15:17:52,39.95,50,42350
20240130,15:18:03,40.0,550,42350
20240130,15:18:14,40.2,250,42350
20240130,15:18:25,40.65,50,42100
20240130,15:18:54,40.15,50,42100
20240130,15:19:35,39.75,200,42100
20240130,15:20:13,40.7,600,42100
20240130,15:20:25,40.65,200,42100
20240130,15:21:04,40.6,1000,42100
20240130,15:21:44,40.0,200,42600
20240130,15:22:27,40.65,50,42600
20240130,15:23:06,39.95,50,42600
20240130,15:24:37,40.15,100,42600
20240130,15:27:47,40.35,300,42650
20240130,15:27:57,40.8,150,42650
20240130,15:28:49,41.3,50,42650
20240130,15:29:11,41.35,200,42650
20240130,15:29:23,41.5,50,42650
20240130,15:29:36,41.55,50,42650
20240131,09:17:25,44.95,1,42900
20240131,09:17:25,44.95,50,42900
20240131,09:17:45,42.95,50,42900
20240131,09:17:52,42.95,50,42900
20240131,09:18:00,43.0,100,42900
20240131,09:18:21,41.8,150,42900
20240131,09:18:28,42.6,50,42900
20240131,09:18:35,42.55,50,42900
20240131,09:20:08,41.55,100,42900
20240131,09:21:09,41.55,50,43150
20240131,09:22:06,41.55,100,43150
20240131,09:23:34,42.05,50,43250
20240131,09:25:43,41.35,100,43250
20240131,09:26:22,41.35,100,43250
20240131,09:27:05,41.4,50,43100
20240131,09:28:19,40.75,50,43100
20240131,09:31:54,40.75,50,43000
20240131,09:32:03,40.75,100,43000
20240131,09:35:08,37.8,500,43050
20240131,09:37:08,38.0,50,43350
20240131,09:37:37,36.95,250,43350
20240131,09:39:04,38.45,50,43200
20240131,09:40:06,38.5,50,43200
20240131,09:41:01,39.05,300,43200
20240131,09:45:09,38.15,50,43000
20240131,09:47:28,38.15,50,43000
20240131,09:49:13,38.0,50,43050
20240131,09:54:12,38.45,150,43050
20240131,09:54:21,38.5,50,43050
20240131,09:55:22,39.1,100,43050
20240131,09:55:32,39.35,100,43050
20240131,09:58:10,38.0,7800,43300
20240131,09:58:18,38.0,750,43300
20240131,09:58:27,36.9,10650,43300
20240131,09:58:35,35.95,19200,43300
20240131,09:58:44,35.95,400,43300
20240131,09:58:52,35.95,500,43300
20240131,09:59:01,35.95,50,43300
20240131,09:59:09,36.0,3000,43300
20240131,09:59:27,35.9,750,43300
20240131,09:59:36,35.9,300,59750
20240131,09:59:44,36.0,400,59750
20240131,09:59:53,36.0,250,59750
20240131,10:00:02,35.8,450,59750
20240131,10:00:10,35.8,3050,59750
20240131,10:00:19,35.8,6700,59750
20240131,10:00:56,35.8,50,59750
20240131,10:02:34,36.4,550,59750
20240131,10:02:52,36.6,50,70200
20240131,10:03:01,36.35,150,70200
20240131,10:03:09,36.3,50,70200
20240131,10:03:27,35.6,50,70200
20240131,10:03:37,35.4,100,70200
20240131,10:03:56,35.15,150,70200
20240131,10:04:05,35.15,50,70200
20240131,10:04:31,35.15,200,70200
20240131,10:04:58,35.0,50,70200
20240131,10:05:28,34.9,450,70200
20240131,10:05:37,34.8,350,70200
20240131,10:05:47,34.8,200,69050
20240131,10:05:55,35.1,400,69050
20240131,10:06:05,34.9,200,69050
20240131,10:06:14,35.15,100,69050
20240131,10:06:23,35.1,450,69050
20240131,10:06:31,35.0,250,69050
20240131,10:06:40,35.0,900,69050
20240131,10:06:49,34.75,300,69050
20240131,10:08:46,34.0,1000,67750
20240131,10:09:07,33.95,150,67750
20240131,10:09:17,33.95,550,67750
20240131,10:09:27,34.0,100,67750
20240131,10:09:37,34.0,200,67750
20240131,10:09:55,34.5,200,67750
20240131,10:10:14,34.65,300,67750
20240131,10:10:31,34.55,100,67750
20240131,10:10:40,34.75,100,67750
20240131,10:10:48,34.8,100,67750
20240131,10:11:05,35.0,150,67750
20240131,10:11:23,35.0,250,67750
20240131,10:11:40,35.3,450,67550
20240131,10:12:15,35.3,100,67550
20240131,10:12:50,34.8,50,67550
20240131,10:12:59,34.75,50,67550
20240131,10:13:08,34.85,250,67550
20240131,10:14:48,34.8,100,67500
20240131,10:15:04,34.75,250,67500
20240131,10:15:30,34.75,50,67500
20240131,10:15:39,34.75,100,67500
20240131,10:16:48,34.5,50,67500
20240131,10:18:25,34.3,50,67550
20240131,10:19:37,34.6,200,67550
20240131,10:20:28,34.9,100,67550
20240131,10:20:45,34.95,100,67600
20240131,10:21:03,35.1,600,67600
20240131,10:22:18,34.85,50,67600
20240131,10:23:16,35.2,100,67600
20240131,10:23:40,34.95,50,68100
20240131,10:24:39,34.85,300,68100
20240131,10:24:47,34.8,150,68100
20240131,10:25:04,35.05,100,68100
20240131,10:25:30,35.4,50,68100
20240131,10:30:06,35.15,200,68200
20240131,10:31:48,34.65,200,68200
20240131,10:31:57,34.45,250,68200
20240131,10:32:45,33.8,150,68200
20240131,10:32:55,33.7,100,68200
20240131,10:33:05,33.7,50,68200
20240131,10:33:35,33.55,650,68200
20240131,10:34:04,33.55,250,68200
20240131,10:39:03,33.35,50,68550
20240131,10:39:30,33.35,50,68550
20240131,10:40:11,33.75,500,68550
20240131,10:40:28,33.7,50,68550
20240131,10:40:45,33.55,100,68550
20240131,10:42:39,33.75,450,68650
20240131,10:42:48,33.9,50,68650
20240131,10:42:56,33.75,150,68650
20240131,10:43:22,34.1,250,68650
20240131,10:44:25,34.65,500,68650
20240131,10:44:43,34.65,300,69450
20240131,10:47:09,34.45,50,69450
20240131,10:48:36,34.45,50,69600
20240131,10:49:26,34.75,150,69600
20240131,10:52:05,34.75,100,69750
20240131,10:54:41,34.55,150,69850
20240131,10:54:57,34.45,100,69850
20240131,10:55:05,34.35,50,69850
20240131,10:55:29,34.35,50,69850
20240131,10:58:40,34.45,100,69850
20240131,10:59:12,34.4,50,69850
20240131,10:59:36,34.45,50,69850
20240131,11:00:53,34.25,50,69900
20240131,11:01:09,34.35,100,69900
20240131,11:03:41,34.25,100,69900
20240131,11:07:31,33.9,300,69900
20240131,11:07:41,34.0,800,69900
20240131,11:07:51,33.7,50,69900
20240131,11:08:37,34.0,300,69900
20240131,11:11:39,33.85,50,70350
20240131,11:11:56,33.35,1800,70350
20240131,11:14:18,33.7,1000,70350
20240131,11:14:44,34.05,100,70350
20240131,11:15:43,34.05,100,71950
20240131,11:17:24,34.1,50,71950
20240131,11:17:42,34.15,50,71950
20240131,11:18:16,34.4,100,72050
20240131,11:18:32,34.55,150,72050
20240131,11:20:16,34.35,300,72050
20240131,11:24:15,34.65,150,72450
20240131,11:25:32,34.85,50,72450
20240131,11:26:04,35.0,50,72450
20240131,11:29:48,34.5,1900,72600
20240131,11:29:56,34.45,1300,72600
20240131,11:30:05,34.5,150,72600
20240131,11:30:50,34.3,150,72600
20240131,11:30:59,34.35,200,72600
20240131,11:31:19,34.25,250,72600
20240131,11:31:58,34.0,550,72600
20240131,11:37:28,33.75,50,70900
20240131,11:40:09,33.5,50,70950
20240131,11:48:27,33.35,50,70950
20240131,11:48:51,32.95,100,70950
20240131,11:49:22,32.95,50,70950
20240131,11:54:18,32.45,100,70950
20240131,11:55:02,32.45,50,70950
20240131,12:04:26,31.6,50,71050
20240131,12:06:26,31.6,50,71100
20240131,12:07:21,32.0,500,71100
20240131,12:08:58,31.75,100,71050
20240131,12:10:59,31.5,900,71050
20240131,12:11:23,31.5,50,71050
20240131,12:11:47,31.5,450,71050
20240131,12:11:55,31.75,50,71050
20240131,12:14:11,31.9,50,71950
20240131,12:14:20,31.9,50,71950
20240131,12:16:05,32.0,50,72000
20240131,12:16:47,32.05,100,72000
20240131,12:17:59,32.1,50,72150
20240131,12:18:59,32.05,50,72150
20240131,12:19:34,31.9,50,72150
20240131,12:19:58,32.15,50,72150
20240131,12:27:29,32.25,50,72200
20240131,12:27:48,32.45,100,72200
20240131,12:27:58,32.55,100,72200
20240131,12:28:38,33.75,150,72200
20240131,12:28:48,34.4,150,72200
20240131,12:30:37,34.55,250,72600
20240131,12:31:46,34.5,100,72600
20240131,12:33:18,34.4,350,72700
20240131,12:33:26,34.35,50,72700
20240131,12:34:01,33.75,100,72700
20240131,12:35:43,33.9,100,72700
20240131,12:36:57,33.3,200,72700
20240131,12:40:47,33.6,50,72600
20240131,12:42:50,33.65,50,72650
20240131,12:43:07,33.7,50,72650
20240131,12:44:01,34.0,100,72650
20240131,12:46:04,34.5,100,72850
20240131,12:51:38,33.7,100,72850
20240131,12:52:21,33.65,50,72850
20240131,12:52:37,33.65,50,72850
20240131,12:52:45,33.6,50,72850
20240131,12:52:54,33.55,100,72850
20240131,12:53:27,33.5,200,72850
20240131,12:53:44,32.8,50,72850
20240131,12:53:53,32.75,50,72850
20240131,12:56:00,33.1,50,72850
20240131,12:57:17,32.15,400,72850
20240131,12:57:25,32.15,300,72850
20240131,13:00:26,31.6,150,73400
20240131,13:02:18,31.35,200,73400
20240131,13:02:34,32.0,1200,73400
20240131,13:02:59,31.55,200,73400
20240131,13:04:23,31.55,150,74100
20240131,13:05:03,31.3,150,74100
20240131,13:05:35,31.1,250,74100
20240131,13:05:43,31.1,300,74100
20240131,13:05:59,31.5,150,74100
20240131,13:07:03,31.6,150,74600
20240131,13:07:11,31.5,50,74600
20240131,13:07:59,31.5,500,74600
20240131,13:10:05,31.65,150,75250
20240131,13:10:52,31.5,150,75250
20240131,13:11:08,31.35,50,75250
20240131,13:11:17,31.35,50,75250
20240131,13:12:30,31.4,50,75100
20240131,13:15:08,31.15,50,75100
20240131,13:15:26,31.45,100,75100
20240131,13:15:35,31.0,400,75100
20240131,13:15:51,31.0,150,75100
20240131,13:16:38,31.45,50,75100
20240131,13:18:13,31.05,50,74650
20240131,13:18:53,31.65,150,74650
20240131,13:19:57,31.65,50,74650
20240131,13:24:47,31.7,150,74850
20240131,13:24:55,32.15,150,74850
20240131,13:26:06,31.95,750,74850
20240131,13:26:54,32.15,150,74850
20240131,13:34:41,32.3,50,75300
20240131,13:36:11,32.35,50,75350
20240131,13:36:20,32.4,50,75350
20240131,13:36:29,32.85,100,75350
20240131,13:37:12,33.05,100,75350
20240131,13:37:46,33.1,50,75350
20240131,13:39:28,34.3,150,75600
20240131,13:39:37,33.75,450,75600
20240131,13:42:48,33.75,50,75700
20240131,13:43:45,33.75,50,75700
20240131,13:47:07,33.8,150,75700
20240131,13:47:24,33.55,100,75700
20240131,13:47:32,33.8,50,75700
20240131,13:48:25,34.5,250,76000
20240131,13:48:58,34.5,1750,76000
20240131,13:49:07,34.5,250,76000
20240131,13:49:15,35.0,1500,76000
20240131,13:49:23,34.8,1850,76000
20240131,13:49:31,35.1,400,76000
20240131,13:49:39,35.2,850,76000
20240131,13:50:04,35.45,3750,76000
20240131,13:50:13,35.45,1750,76000
20240131,13:50:38,36.0,3500,76000
20240131,13:51:35,35.05,50,87700
20240131,13:52:23,34.9,100,87700
20240131,13:52:40,34.65,50,87700
20240131,13:54:03,34.2,100,87700
20240131,13:55:21,34.2,100,87500
20240131,13:55:46,34.15,100,87500
20240131,13:56:29,33.95,50,87500
20240131,13:56:45,34.1,50,87500
20240131,13:57:02,34.25,250,87500
20240131,13:58:55,34.25,50,87100
20240131,14:00:47,34.05,100,87050
20240131,14:04:00,34.15,50,87050
20240131,14:05:42,33.9,50,87050
20240131,14:06:51,34.25,350,87000
20240131,14:06:59,34.25,50,87000
20240131,14:07:15,34.45,250,87000
20240131,14:10:41,34.15,100,86600
20240131,14:11:13,33.6,50,86600
20240131,14:11:21,33.8,200,86600
20240131,14:12:53,33.85,50,86450
20240131,14:14:03,33.5,200,86450
20240131,14:16:25,33.95,100,86300
20240131,14:16:41,34.3,50,86300
20240131,14:16:57,34.1,50,86300
20240131,14:17:05,33.95,50,86300
20240131,14:19:00,34.05,100,86150
20240131,14:19:15,34.0,100,86150
20240131,14:19:38,34.0,100,86150
20240131,14:22:34,33.85,100,86200
20240131,14:23:47,34.35,50,86200
20240131,14:24:04,34.55,100,86200
20240131,14:24:37,34.4,100,86200
20240131,14:25:34,34.45,50,86200
20240131,14:26:06,34.7,100,86200
20240131,14:26:14,34.6,50,86200
20240131,14:26:37,34.65,100,86200
20240131,14:27:33,34.6,350,86150
20240131,14:27:49,34.55,50,86150
20240131,14:28:38,34.5,150,86150
20240131,14:32:22,34.5,50,85650
20240131,14:33:04,34.5,200,85650
20240131,14:35:08,34.0,50,85800
20240131,14:35:49,34.1,100,85800
20240131,14:39:02,33.6,100,85800
20240131,14:39:48,33.5,50,85800
20240131,14:41:09,33.3,50,85800
20240131,14:43:00,33.2,50,85750
20240131,14:48:41,33.3,150,85750
20240131,14:49:53,33.35,150,85750
20240131,14:52:59,33.95,250,86050
20240131,14:54:20,34.15,50,86200
20240131,14:54:52,34.05,50,86200
20240131,14:55:00,34.1,50,86200
20240131,14:57:19,34.25,200,86200
20240131,14:58:49,34.1,50,86250
20240131,14:58:57,34.0,400,86250
20240131,14:59:39,34.0,200,86250
20240131,15:01:56,33.85,50,86250
20240131,15:06:44,32.45,150,86300
20240131,15:06:53,32.8,50,86300
20240131,15:07:01,32.9,150,86300
20240131,15:09:38,32.85,50,86400
20240131,15:10:38,33.1,100,86400
20240131,15:11:38,33.0,50,86400
20240131,15:11:47,32.8,100,86400
20240131,15:12:03,32.8,50,86400
20240131,15:13:02,32.55,200,86550
20240131,15:17:34,32.35,50,86700
20240131,15:17:59,32.75,400,86700
20240131,15:18:23,32.6,50,86700
20240131,15:20:25,32.55,100,86900
20240131,15:22:52,32.6,100,87000
20240131,15:23:51,32.75,350,87000
20240131,15:24:14,32.8,450,87000
20240131,15:24:38,32.65,250,87600
20240131,15:24:45,32.6,250,87600
20240131,15:24:53,32.6,150,87600
20240131,15:25:09,32.65,150,87600
20240131,15:25:40,32.6,50,87600
20240131,15:25:48,32.7,150,87600
20240131,15:26:10,32.8,100,87600
20240131,15:27:19,32.75,200,87600
20240131,15:27:26,32.9,150,87600
20240131,15:28:54,33.4,50,88700
20240131,15:29:21,33.55,150,88700
20240131,15:29:38,33.55,100,88700
20240201,09:15:26,32.8,1,88800
20240201,09:15:26,32.8,250,88800
20240201,09:16:05,33.35,150,88800
20240201,09:16:15,34.0,1750,88800
20240201,09:16:33,34.45,1600,88800
20240201,09:16:42,34.45,1750,88800
20240201,09:17:43,34.0,100,93600
20240201,09:17:53,34.4,450,93600
20240201,09:18:03,34.05,50,93600
20240201,09:18:13,34.0,50,93600
20240201,09:18:44,33.95,50,93600
20240201,09:19:23,34.0,100,93600
20240201,09:20:31,34.05,200,93600
20240201,09:21:47,33.35,50,93750
20240201,09:22:54,33.05,1000,93750
20240201,09:23:03,32.55,350,93750
20240201,09:23:13,32.55,50,93750
20240201,09:23:23,33.8,550,93750
20240201,09:26:44,33.8,50,94250
20240201,09:29:02,33.9,100,94250
20240201,09:29:48,34.55,50,94350
20240201,09:29:57,34.6,50,94350
20240201,09:40:04,34.6,100,94350
20240201,09:40:22,33.2,150,94350
20240201,09:40:52,33.25,250,94350
20240201,09:41:12,32.3,150,94350
20240201,09:41:57,32.25,150,94400
20240201,09:42:23,32.25,150,94400
20240201,09:43:09,32.4,150,94400
20240201,09:43:36,32.65,100,94400
20240201,09:43:53,32.55,150,94400
20240201,09:46:19,32.0,100,94500
20240201,09:47:13,31.95,350,94500
20240201,09:47:22,32.0,600,94500
20240201,09:47:31,31.15,1150,94500
20240201,09:48:07,32.5,450,94300
20240201,09:50:10,31.05,1750,94300
20240201,09:50:19,31.05,150,94300
20240201,09:50:28,31.65,50,94300
20240201,09:53:15,31.0,1200,93550
20240201,09:54:07,31.75,300,92600
20240201,09:56:53,31.9,50,92600
20240201,09:58:29,31.0,1750,92600
20240201,09:59:55,30.0,1750,92600
20240201,10:00:49,30.0,100,92600
20240201,10:00:59,31.0,300,92600
20240201,10:03:11,31.2,150,91650
20240201,10:03:54,31.3,50,91650
20240201,10:04:11,30.95,50,91650
20240201,10:04:36,31.15,50,91650
20240201,10:04:45,31.15,50,91650
20240201,10:05:27,31.05,100,91650
20240201,10:05:35,31.05,50,91950
20240201,10:06:01,30.6,50,91950
20240201,10:07:10,30.05,1750,91950
20240201,10:08:37,30.25,150,91850
20240201,10:09:43,29.85,50,91850
20240201,10:09:53,29.85,150,91850
20240201,10:10:02,30.0,150,91850
20240201,10:10:11,30.1,200,91850
20240201,10:10:20,30.65,1500,91850
20240201,10:10:30,30.5,800,91850
20240201,10:10:39,30.7,1700,91850
20240201,10:10:57,30.1,1000,91850
20240201,10:11:05,30.1,100,91850
20240201,10:12:52,29.75,100,94750
20240201,10:13:01,29.15,1750,94750
20240201,10:13:53,29.15,50,94750
20240201,10:14:55,29.7,1750,94150
20240201,10:19:02,30.0,100,94150
20240201,10:19:53,30.3,150,94150
20240201,10:20:01,30.35,350,94150
20240201,10:20:42,30.45,100,94000
20240201,10:20:50,30.45,300,94000
20240201,10:20:59,30.45,100,94000
20240201,10:21:50,30.0,50,94000
20240201,10:27:59,29.5,50,94050
20240201,10:30:24,29.25,50,94050
20240201,10:31:10,29.0,1750,94050
20240201,10:42:09,29.0,50,92700
20240201,10:51:50,29.8,50,92650
20240201,10:52:41,29.95,500,92650
20240201,10:56:40,30.75,100,92150
20240201,11:02:08,30.95,2050,92150
20240201,11:03:20,30.0,150,90500
20240201,11:03:31,29.3,2300,90500
20240201,11:03:59,30.3,150,90500
20240201,11:04:44,29.3,1000,90500
20240201,11:05:28,30.3,150,90500
20240201,11:05:37,30.3,50,90500
20240201,11:06:13,30.5,350,89050
20240201,11:06:48,31.1,50,89050
20240201,11:10:08,30.4,5150,88950
20240201,11:15:18,29.8,300,88800
20240201,11:16:53,31.3,250,88800
20240201,11:17:16,32.4,1400,88800
20240201,11:18:40,31.2,100,90150
20240201,11:20:58,32.1,150,90150
20240201,11:21:07,31.85,50,90150
20240201,11:21:16,31.85,50,90150
20240201,11:21:46,31.3,150,90150
20240201,11:21:56,31.15,50,90150
20240201,11:24:03,30.55,200,90150
20240201,11:25:33,31.5,250,90150
20240201,11:27:17,31.85,50,90250
20240201,11:28:55,30.4,250,90250
20240201,11:29:04,30.85,50,90250
20240201,11:29:47,30.8,50,90250
20240201,11:33:19,31.55,150,90400
20240201,11:33:36,31.6,1950,90400
20240201,11:33:53,32.0,1850,90400
20240201,11:34:02,32.0,1750,90400
20240201,11:34:10,32.15,50,90400
20240201,11:34:20,32.5,1750,90400
20240201,11:34:55,32.45,1000,90400
20240201,11:35:11,32.3,300,90400
20240201,11:39:34,31.0,100,96100
20240201,11:40:07,30.8,100,96100
20240201,11:46:20,31.05,50,96000
20240201,11:46:36,30.85,50,96000
20240201,11:46:53,30.75,100,96000
20240201,11:47:02,30.4,300,96000
20240201,11:47:20,30.65,50,96000
20240201,11:47:28,30.7,100,96000
20240201,11:47:52,31.0,500,96000
20240201,11:48:49,30.9,100,95800
20240201,11:48:57,30.95,50,95800
20240201,11:49:45,30.95,50,95800
20240201,11:50:52,30.25,250,95800
20240201,11:52:49,30.2,100,95950
20240201,11:52:57,30.2,50,95950
20240201,11:56:26,30.7,550,95600
20240201,11:56:46,30.75,250,95600
20240201,11:56:55,30.7,500,95600
20240201,11:57:30,30.2,100,95850
20240201,11:59:52,30.2,5100,92400
20240201,12:00:01,30.0,2850,92400
20240201,12:00:12,30.0,200,92400
20240201,12:00:22,29.15,1050,92400
20240201,12:01:40,29.9,200,92400
20240201,12:01:49,29.95,50,92400
20240201,12:05:22,30.65,50,91800
20240201,12:06:00,30.25,50,91800
20240201,12:07:17,29.05,250,91800
20240201,12:07:27,28.9,500,91800
20240201,12:08:07,28.8,250,91800
20240201,12:08:16,28.8,50,91800
20240201,12:08:43,28.55,100,91800
20240201,12:09:11,28.55,300,91050
20240201,12:09:20,28.8,200,91050
20240201,12:09:55,28.5,600,91050
20240201,12:10:04,28.4,50,91050
20240201,12:10:13,28.4,450,91050
20240201,12:10:40,28.95,100,91050
20240201,12:10:49,28.8,200,91050
20240201,12:11:07,28.5,200,91050
20240201,12:12:28,27.95,200,89750
20240201,12:14:47,27.85,50,89750
20240201,12:16:28,27.85,50,89550
20240201,12:16:54,27.85,150,89550
20240201,12:18:19,27.85,50,89550
20240201,12:18:47,27.85,250,89550
20240201,12:18:58,27.85,300,89550
20240201,12:19:09,29.0,100,89550
20240201,12:22:07,28.65,100,89100
20240201,12:22:56,28.8,100,89100
20240201,12:23:17,29.3,50,89100
20240201,12:23:45,29.3,50,89100
20240201,12:26:03,28.75,50,88900
20240201,12:26:29,28.65,500,88900
20240201,12:29:10,28.1,450,88550
20240201,12:30:20,28.1,200,88350
20240201,12:31:58,28.2,50,88350
20240201,12:32:16,28.5,50,88350
20240201,12:33:11,28.9,50,88150
20240201,12:37:48,28.3,200,88200
20240201,12:46:17,28.2,50,88000
20240201,12:47:02,28.05,50,88000
20240201,12:47:11,28.05,50,88000
20240201,12:47:51,28.05,50,88000
20240201,12:48:31,28.05,50,87950
20240201,12:48:49,28.1,50,87950
20240201,12:52:39,28.0,50,87900
20240201,12:53:06,28.0,150,87900
20240201,12:53:15,28.1,100,87900
20240201,12:53:24,28.2,50,87900
20240201,12:54:58,28.2,50,87850
20240201,12:55:45,28.05,250,87850
20240201,12:56:30,28.25,50,87850
20240201,12:56:39,28.3,50,87850
20240201,12:58:00,28.4,50,87800
20240201,12:58:19,28.45,50,87800
20240201,12:58:54,28.4,50,87800
20240201,12:59:47,28.55,50,87800
20240201,13:01:00,28.6,250,87900
20240201,13:01:10,29.05,50,87900
20240201,13:04:11,28.9,50,87900
20240201,13:04:30,28.7,50,87900
20240201,13:08:34,28.65,150,87800
20240201,13:08:51,28.7,150,87800
20240201,13:09:25,28.45,200,88100
20240201,13:09:42,28.7,150,88100
20240201,13:11:34,28.7,150,88100
20240201,13:12:34,28.7,150,88550
20240201,13:12:42,28.7,100,88550
20240201,13:13:35,28.95,150,88550
20240201,13:14:35,29.0,50,88550
20240201,13:19:24,29.05,400,88850
20240201,13:19:42,29.0,650,88850
20240201,13:20:28,29.0,50,88850
20240201,13:20:55,29.15,150,88850
20240201,13:21:12,29.35,150,89750
20240201,13:24:04,29.3,50,89850
20240201,13:25:03,29.55,200,89850
20240201,13:25:12,29.5,150,89850
20240201,13:27:12,29.45,100,90150
20240201,13:28:30,29.5,100,90150
20240201,13:28:50,30.1,700,90150
20240201,13:29:09,30.1,50,90150
20240201,13:29:17,29.95,100,90150
20240201,13:29:26,29.9,100,90150
20240201,13:30:51,29.8,50,90750
20240201,13:31:00,29.95,100,90750
20240201,13:31:36,30.35,400,90750
20240201,13:31:46,30.35,100,90750
20240201,13:34:26,30.45,50,91300
20240201,13:36:53,30.2,50,91300
20240201,13:41:38,30.8,50,91350
20240201,13:42:23,30.05,200,91400
20240201,13:46:40,30.2,300,91200
20240201,13:47:04,29.9,50,91200
20240201,13:48:56,29.55,250,91350
20240201,13:51:37,29.7,50,91400
20240201,13:53:40,29.05,50,91400
20240201,13:54:03,29.0,300,91400
20240201,13:55:48,28.95,150,91600
20240201,13:59:28,28.9,250,91700
20240201,13:59:36,28.85,50,91700
20240201,13:59:45,28.9,50,91700
20240201,14:00:56,28.7,100,91700
20240201,14:02:20,29.0,450,91700
20240201,14:04:09,28.95,50,92200
20240201,14:10:47,28.95,200,92250
20240201,14:11:42,28.6,200,92250
20240201,14:12:07,28.65,50,92250
20240201,14:13:09,28.4,50,92600
20240201,14:13:51,28.45,500,92600
20240201,14:14:07,28.45,100,92600
20240201,14:17:15,28.45,50,92250
20240201,14:18:37,28.6,300,92200
20240201,14:18:45,28.75,150,92200
20240201,14:19:46,28.75,1700,92200
20240201,14:20:02,28.45,50,92200
20240201,14:20:50,28.5,150,92200
20240201,14:23:28,28.4,250,93750
20240201,14:24:07,28.1,50,93750
20240201,14:24:31,28.0,50,93650
20240201,14:27:09,28.0,100,93650
20240201,14:30:34,27.55,100,93750
20240201,14:37:45,27.55,400,93850
20240201,14:38:09,27.45,400,93850
20240201,14:38:18,27.4,850,93850
20240201,14:40:41,27.2,200,93100
20240201,14:43:55,27.2,450,93200
20240201,14:46:25,27.85,150,92950
20240201,14:46:34,27.65,150,92950
20240201,14:53:08,27.5,100,93050
20240201,14:53:24,27.5,150,93050
20240201,14:53:40,27.5,100,93050
20240201,14:53:56,27.5,50,93050
20240201,14:54:04,27.5,150,93050
20240201,14:55:43,27.8,400,93150
20240201,14:55:51,27.7,150,93150
20240201,14:56:26,27.5,100,93150
20240201,14:57:08,27.6,600,93150
20240201,14:58:15,27.6,800,92600
20240201,14:58:30,27.6,100,92600
20240201,15:00:09,27.55,150,92600
20240201,15:05:33,27.75,100,91550
20240201,15:05:50,27.75,150,91550
20240201,15:10:07,28.0,50,91750
20240201,15:10:49,27.55,100,91750
20240201,15:11:38,27.55,50,91750
20240201,15:14:24,27.5,1050,91800
20240201,15:14:34,27.5,1050,91800
20240201,15:14:43,27.5,550,91800
20240201,15:16:07,28.55,50,93950
20240201,15:16:40,28.35,200,93950
20240201,15:17:31,27.85,50,93950
20240201,15:19:26,28.25,300,93900
20240201,15:21:18,28.2,150,93900
20240201,15:22:26,28.1,50,93750
20240201,15:24:46,27.6,100,93750
20240201,15:25:53,27.2,50,93750
20240201,15:26:00,26.55,900,93750
20240201,15:26:07,26.55,200,93750
20240201,15:26:23,27.1,50,93750
20240201,15:26:30,28.0,1400,93750
20240201,15:26:37,28.4,600,93750
20240201,15:26:52,28.6,2300,93750
20240201,15:27:00,29.0,1750,93750
20240201,15:27:15,29.0,1750,93750
20240201,15:27:23,28.45,2750,97300
20240201,15:27:30,28.5,1350,97300
20240201,15:27:38,28.45,1100,97300
20240201,15:28:02,28.35,150,97300
20240201,15:28:42,28.6,50,97300
20240201,15:29:31,28.95,200,97300
20240201,15:29:48,28.9,50,97300
20240202,09:16:06,25.95,1,100450
20240202,09:16:06,28.25,1750,100450
20240202,09:16:15,24.6,500,100450
20240202,09:16:23,23.9,350,100450
20240202,09:16:32,25.0,350,100450
20240202,09:17:49,24.65,200,101200
20240202,09:18:05,24.65,100,101200
20240202,09:18:27,23.0,1650,101200
20240202,09:18:38,23.0,200,101200
20240202,09:19:09,23.95,1800,101200
20240202,09:19:39,24.5,200,101200
20240202,09:20:08,24.1,300,101200
20240202,09:20:58,23.7,50,98150
20240202,09:21:08,23.7,100,98150
20240202,09:22:08,24.3,300,98150
20240202,09:22:18,24.25,50,98150
20240202,09:22:36,23.85,50,98150
20240202,09:24:08,24.0,150,98150
20240202,09:24:36,23.65,100,98150
20240202,09:25:04,23.65,100,98150
20240202,09:25:54,23.95,300,98150
20240202,09:26:04,23.95,150,98150
20240202,09:26:14,23.95,450,98150
20240202,09:26:33,23.9,450,99300
20240202,09:26:53,24.0,600,99300
20240202,09:27:30,23.9,300,99300
20240202,09:27:38,23.9,150,99300
20240202,09:27:47,23.9,1050,99300
20240202,09:28:04,23.95,150,99300
20240202,09:28:13,23.95,300,99300
20240202,09:28:38,24.0,100,99300
20240202,09:29:12,24.0,50,99300
20240202,09:29:29,23.95,50,102300
20240202,09:29:38,23.5,500,102300
20240202,09:29:47,23.85,100,102300
20240202,09:29:55,23.1,350,102300
20240202,09:30:38,23.1,500,102300
20240202,09:31:04,22.85,1000,102300
20240202,09:31:12,22.85,150,102300
20240202,09:31:21,23.9,150,102300
20240202,09:32:11,23.75,100,102300
20240202,09:32:19,23.75,50,102300
20240202,09:33:21,23.8,100,100600
20240202,09:33:29,23.75,50,100600
20240202,09:33:38,23.05,250,100600
20240202,09:34:12,23.4,50,100600
20240202,09:34:30,23.5,200,100600
20240202,09:34:49,23.7,300,100600
20240202,09:35:07,23.7,150,100600
20240202,09:35:16,23.7,450,100600
20240202,09:35:24,23.45,450,101900
20240202,09:35:42,23.7,150,101900
20240202,09:35:51,23.7,150,101900
20240202,09:37:03,23.6,100,101900
20240202,09:37:21,23.7,150,101900
20240202,09:38:08,23.7,450,101900
20240202,09:38:17,23.7,150,101900
20240202,09:39:36,23.65,50,102950
20240202,09:41:23,23.5,150,102950
20240202,09:44:14,23.5,500,103150
20240202,09:44:50,23.15,200,103650
20240202,09:45:34,23.35,200,103650
20240202,09:46:19,23.35,500,103650
20240202,09:46:45,23.35,500,103650
20240202,09:47:03,23.0,150,103650
20240202,09:47:21,23.2,50,103650
20240202,09:47:29,23.25,1100,104650
20240202,09:48:05,23.25,100,104650
20240202,09:49:15,23.25,250,104650
20240202,09:49:32,23.25,500,104650
20240202,09:49:41,23.2,50,104650
20240202,09:49:49,23.4,200,104650
20240202,09:50:06,23.25,50,104650
20240202,09:50:33,23.25,300,106200
20240202,09:50:42,23.25,150,106200
20240202,09:50:51,23.25,150,106200
20240202,09:51:00,23.3,1500,106200
20240202,09:51:17,23.25,450,106200
20240202,09:51:36,23.0,350,106200
20240202,09:52:03,23.25,1500,106200
20240202,09:53:05,23.2,1500,106200
20240202,09:53:51,23.25,1000,111300
20240202,09:54:26,23.3,1050,111300
20240202,09:54:43,23.3,500,111300
20240202,09:54:51,23.25,300,111300
20240202,09:55:42,23.25,600,111300
20240202,09:56:59,23.25,50,113400
20240202,09:57:08,23.4,200,113400
20240202,09:58:09,23.25,500,113400
20240202,09:59:02,23.6,850,113400
20240202,10:01:37,23.45,100,114250
20240202,10:02:28,23.75,150,114150
20240202,10:06:04,23.75,100,114250
20240202,10:08:08,24.0,150,114250
20240202,10:08:34,23.95,100,114200
20240202,10:13:29,24.4,250,114200
20240202,10:15:37,24.55,200,114300
20240202,10:16:37,24.35,50,114300
20240202,10:17:02,24.35,550,114300
20240202,10:17:10,24.35,50,114300
20240202,10:17:18,24.35,50,114300
20240202,10:17:59,24.65,1800,114550
20240202,10:19:27,24.25,50,114550
20240202,10:20:29,24.35,100,114550
20240202,10:22:22,24.5,50,116200
20240202,10:27:30,24.15,50,116200
20240202,10:33:07,23.95,50,116250
20240202,10:33:16,24.1,50,116250
20240202,10:37:05,24.15,50,116300
20240202,10:38:11,24.0,100,116300
20240202,10:38:44,24.25,50,116250
20240202,10:39:10,24.25,50,116250
20240202,10:39:36,24.2,50,116250
20240202,10:39:53,24.2,50,116250
20240202,10:40:35,24.2,50,116250
20240202,10:40:43,24.15,50,116250
20240202,10:41:09,24.3,50,116250
20240202,10:41:27,24.3,100,116250
20240202,10:41:55,24.4,50,116600
20240202,10:42:04,24.35,50,116600
20240202,10:42:40,24.4,100,116600
20240202,10:42:48,24.35,100,116600
20240202,10:43:06,24.45,100,116600
20240202,10:43:32,24.45,100,116600
20240202,10:44:16,24.5,50,116600
20240202,10:44:58,24.5,200,116950
20240202,10:45:15,24.5,200,116950
20240202,10:45:41,24.4,50,116950
20240202,10:45:50,24.5,50,116950
20240202,10:46:15,24.5,200,116950
20240202,10:46:40,24.5,350,116950
20240202,10:47:13,24.25,100,116950
20240202,10:47:21,24.6,500,116950
20240202,10:47:47,24.35,400,118350
20240202,10:48:04,24.4,50,118350
20240202,10:48:37,24.35,250,118350
20240202,10:48:54,24.35,250,118350
20240202,10:49:02,24.45,1550,118350
20240202,10:49:19,24.45,50,118350
20240202,10:49:27,24.55,800,118350
20240202,10:49:35,24.55,100,118350
20240202,10:51:03,24.45,100,118950
20240202,10:51:35,24.65,500,118950
20240202,10:52:15,24.65,100,118950
20240202,10:52:56,24.7,400,118950
20240202,10:53:30,24.75,400,118950
20240202,10:54:03,24.75,200,120100
20240202,10:54:52,24.6,50,120100
20240202,10:55:09,24.55,100,120100
20240202,10:55:34,24.75,250,120100
20240202,10:55:58,24.5,200,120100
20240202,10:57:16,24.45,250,120450
20240202,10:57:24,24.5,200,120450
20240202,10:57:32,24.45,200,120450
20240202,10:57:49,24.45,150,120450
20240202,10:58:14,24.45,50,120450
20240202,10:58:32,24.45,450,120450
20240202,11:00:30,24.45,100,119500
20240202,11:02:35,24.45,50,119500
20240202,11:04:09,24.45,200,119500
20240202,11:06:21,24.45,150,119250
20240202,11:08:19,24.45,1450,119250
20240202,11:09:22,24.05,50,117700
20240202,11:11:08,24.15,50,117700
20240202,11:17:05,23.5,50,117750
20240202,11:18:00,23.4,400,117750
20240202,11:18:10,23.4,650,117750
20240202,11:18:48,23.4,250,117750
20240202,11:19:07,23.4,300,117750
20240202,11:20:00,23.5,50,117750
20240202,11:21:15,23.4,50,117850
20240202,11:21:49,23.2,100,117850
20240202,11:21:58,23.2,250,117850
20240202,11:22:23,23.15,500,117850
20240202,11:22:51,23.05,1200,117850
20240202,11:23:00,22.7,1250,117850
20240202,11:23:27,23.0,150,117850
20240202,11:23:54,22.9,50,117950
20240202,11:24:45,23.15,350,117950
20240202,11:24:53,23.1,100,117950
20240202,11:26:34,23.65,100,117950
20240202,11:29:47,23.35,200,118150
20240202,11:30:48,23.8,50,118150
20240202,11:30:58,23.5,50,118150
20240202,11:33:08,23.45,50,118200
20240202,11:35:04,23.7,150,118200
20240202,11:35:23,23.55,100,118200
20240202,11:35:33,23.55,200,118200
20240202,11:37:11,23.65,200,118000
20240202,11:37:19,23.7,600,118000
20240202,11:38:07,23.7,450,118000
20240202,11:38:17,23.6,1050,118000
20240202,11:38:56,23.6,1000,117850
20240202,11:39:05,23.6,50,117850
20240202,11:39:24,23.5,50,117850
20240202,11:39:35,23.45,50,117850
20240202,11:40:21,23.5,50,117850
20240202,11:41:01,23.55,400,117850
20240202,11:41:57,23.75,750,117700
20240202,11:42:35,23.85,800,117700
20240202,11:42:44,23.9,500,117700
20240202,11:43:11,24.05,150,117700
20240202,11:43:54,24.1,50,117700
20240202,11:44:40,24.05,50,119700
20240202,11:45:08,24.05,50,119700
20240202,11:46:12,24.3,200,119700
20240202,11:48:33,24.25,50,119900
20240202,11:51:39,24.1,100,119900
20240202,11:55:13,24.3,50,119850
20240202,12:02:32,23.75,200,119850
20240202,12:04:22,23.85,50,119850
20240202,12:05:48,23.75,100,119800
20240202,12:06:41,23.8,500,119800
20240202,12:09:02,23.8,100,120150
20240202,12:11:02,23.8,50,120150
20240202,12:11:10,23.8,150,120150
20240202,12:11:45,23.8,200,120450
20240202,12:12:12,24.0,150,120450
20240202,12:12:46,24.2,150,120450
20240202,12:13:56,24.2,150,120450
20240202,12:14:24,24.0,50,120450
20240202,12:20:01,24.7,1000,120750
20240202,12:21:25,24.55,50,120750
20240202,12:21:41,24.55,200,120750
20240202,12:23:32,24.5,50,120750
20240202,12:27:31,25.0,950,121000
20240202,12:29:19,25.35,50,121000
20240202,12:30:32,24.8,50,121250
20240202,12:31:55,25.15,100,121250
20240202,12:32:27,25.55,350,121250
20240202,12:32:56,25.3,50,121050
20240202,12:33:28,25.5,150,121050
20240202,12:33:38,25.5,50,121050
20240202,12:35:38,25.5,200,121050
20240202,12:36:42,26.8,50,120600
20240202,12:37:10,26.35,100,120600
20240202,12:37:37,27.15,1550,120600
20240202,12:37:46,27.0,100,120600
20240202,12:38:04,27.0,50,120600
20240202,12:38:13,27.0,100,120600
20240202,12:38:56,26.8,150,120800
20240202,12:47:40,26.45,100,120650
20240202,12:50:44,26.6,150,120650
20240202,12:52:59,26.85,400,120750
20240202,12:53:07,26.85,100,120750
20240202,13:03:12,26.9,450,120850
20240202,13:03:55,26.85,250,120850
20240202,13:13:27,27.35,200,121100
20240202,13:15:52,28.0,50,121000
20240202,13:24:53,28.0,150,121000
20240202,13:26:12,28.5,150,121000
20240202,13:26:42,28.2,150,121000
20240202,13:27:03,28.1,150,120800
20240202,13:27:21,28.55,100,120800
20240202,13:28:13,29.0,600,120800
20240202,13:29:23,27.6,150,120800
20240202,13:30:09,28.65,1000,120550
20240202,13:37:58,28.45,50,121400
20240202,13:38:44,28.25,50,121400
20240202,13:39:57,27.75,100,121400
20240202,13:40:16,27.55,100,121400
20240202,13:40:35,27.85,200,121400
20240202,13:43:17,27.9,50,121100
20240202,13:44:33,27.75,350,121100
20240202,13:44:41,27.8,50,121100
20240202,13:46:38,27.75,200,120850
20240202,13:47:03,27.6,150,120850
20240202,13:47:20,27.65,150,120850
20240202,13:47:46,27.35,300,120850
20240202,13:49:09,27.6,500,120500
20240202,13:50:50,27.8,150,120500
20240202,13:52:21,27.8,300,119850
20240202,14:00:43,27.35,200,119550
20240202,14:01:07,27.4,50,119550
20240202,14:02:54,26.95,150,119550
20240202,14:03:11,26.95,150,119350
20240202,14:03:28,27.15,50,119350
20240202,14:06:26,27.05,150,119300
20240202,14:07:34,26.95,150,119300
20240202,14:15:51,29.4,750,119050
20240202,14:15:59,28.1,100,119050
20240202,14:16:08,28.0,200,119050
20240202,14:16:16,28.2,50,119050
20240202,14:16:33,28.25,150,119050
20240202,14:19:03,28.55,300,119050
20240202,14:19:56,28.1,100,119050
20240202,14:27:37,27.5,100,118850
20240202,14:30:12,27.3,100,118900
20240202,14:37:31,26.8,150,118950
20240202,14:38:23,27.05,50,118950
20240202,14:39:05,26.4,150,118900
20240202,14:41:24,26.35,100,118900
20240202,14:43:02,26.35,150,118800
20240202,14:43:27,25.2,1200,118800
20240202,14:43:36,25.8,600,118800
20240202,14:43:44,25.45,50,118800
20240202,14:44:39,25.05,300,118800
20240202,14:47:27,25.75,100,118150
20240202,14:47:35,25.75,100,118150
20240202,14:51:08,25.8,400,118150
20240202,14:51:17,25.8,300,118150
20240202,14:53:58,27.05,200,118150
20240202,14:54:54,26.75,150,118450
20240202,14:57:47,26.9,150,118300
20240202,14:58:21,26.9,50,118300
20240202,15:00:43,26.75,100,118200
20240202,15:00:52,26.6,200,118200
20240202,15:08:22,25.45,50,118200
20240202,15:10:18,26.25,100,118150
20240202,15:10:57,25.75,150,118150
20240202,15:13:01,25.8,150,118150
20240202,15:13:11,26.65,50,118150
20240202,15:13:31,26.75,500,118150
20240202,15:13:51,26.2,300,118150
20240202,15:14:00,25.9,50,118150
20240202,15:18:51,26.75,150,117850
20240202,15:19:09,26.7,150,117850
20240202,15:19:37,26.5,150,117850
20240202,15:19:47,26.4,150,117850
20240202,15:19:56,26.2,50,117850
20240202,15:22:50,26.7,50,117600
20240202,15:23:18,27.1,50,117600
20240202,15:23:27,27.1,150,117600
20240202,15:27:38,27.3,100,117750
20240202,15:28:06,27.3,150,117750
20240202,15:28:34,26.65,500,117750
20240202,15:29:02,26.55,50,117750
20240202,15:29:39,27.3,50,117750
20240205,09:19:33,28.95,1,117300
20240205,09:19:33,28.95,50,117300
20240205,09:20:23,28.0,50,117300
20240205,09:28:46,27.4,100,117250
20240205,09:29:15,26.05,300,117250
20240205,09:29:55,26.05,50,117250
20240205,09:34:38,27.1,50,117250
20240205,09:38:03,26.15,100,117250
20240205,09:51:00,26.15,50,117250
20240205,09:51:48,27.75,100,117250
20240205,09:55:58,27.0,150,117300
20240205,09:56:17,27.0,150,117300
20240205,10:12:58,26.5,50,117350
20240205,10:16:08,27.45,200,117350
20240205,10:16:57,27.45,50,117500
20240205,10:17:24,27.5,100,117500
20240205,10:18:29,28.0,50,117500
20240205,10:20:38,29.0,350,117550
20240205,10:21:16,29.0,100,117550
20240205,10:21:26,29.1,50,117550
20240205,10:21:46,29.4,100,117550
20240205,10:22:49,29.4,100,117950
20240205,10:25:10,27.9,150,117950
20240205,10:25:29,27.05,100,117950
20240205,10:34:26,28.9,50,117950
20240205,10:47:45,27.25,150,118000
20240205,10:55:14,27.05,100,118000
20240205,10:59:16,28.2,50,118000
20240205,12:05:09,27.85,50,118000
20240205,12:15:25,26.25,50,118050
20240205,12:20:07,25.5,100,118100
20240205,12:20:26,25.5,50,118100
20240205,12:48:54,26.4,200,118000
20240205,12:50:44,26.35,50,117950
20240205,12:52:24,26.55,150,117950
20240205,12:53:43,27.0,250,117900
20240205,12:53:59,26.95,50,117900
20240205,13:02:33,26.7,150,118050
20240205,13:05:47,25.95,100,118200
20240205,13:06:19,26.05,50,118200
20240205,13:07:20,26.05,50,118200
20240205,13:09:04,26.2,250,118150
20240205,13:10:52,26.0,250,118150
20240205,13:11:10,26.0,50,118150
20240205,13:17:32,26.75,500,118400
20240205,13:25:38,26.15,150,118900
20240205,13:43:34,26.05,50,119050
20240205,13:44:50,26.3,50,119050
20240205,13:46:00,26.3,100,119050
20240205,13:46:08,26.3,600,119050
20240205,13:48:22,26.0,50,119100
20240205,13:52:07,25.65,50,119100
20240205,13:52:15,25.65,100,119100
20240205,13:55:55,25.8,50,119200
20240205,13:58:03,25.85,650,119250
20240205,13:59:15,25.7,50,119300
20240205,14:04:21,25.65,50,119350
20240205,14:05:03,25.65,100,119400
20240205,14:05:12,25.65,50,119400
20240205,14:05:36,25.1,200,119400
20240205,14:07:13,25.85,50,119400
20240205,14:09:24,25.95,200,119650
20240205,14:10:32,26.1,50,119650
20240205,14:10:43,25.95,50,119650
20240205,14:10:56,26.5,50,119650
20240205,14:11:29,26.6,300,119750
20240205,14:13:03,26.6,500,119750
20240205,14:13:32,26.65,500,119750
20240205,14:13:42,26.5,300,119750
20240205,14:13:52,26.55,200,119750
20240205,14:16:06,25.3,150,120550
20240205,14:16:25,25.0,200,120550
20240205,14:16:34,25.0,100,120550
20240205,14:17:01,25.0,350,120550
20240205,14:18:54,25.1,150,120550
20240205,14:19:21,25.4,50,120550
20240205,14:23:03,25.65,50,120600
20240205,14:23:13,25.7,100,120650
20240205,14:30:39,26.15,50,120750
20240205,14:31:32,26.1,50,120750
20240205,14:31:52,26.25,50,120750
20240205,14:33:36,26.15,100,120800
20240205,14:34:20,26.55,100,120800
20240205,14:36:22,26.95,50,120800
20240205,14:37:11,26.85,200,120800
20240205,14:37:22,26.8,150,120800
20240205,14:37:33,26.8,50,120800
20240205,14:37:44,26.6,200,120800
20240205,14:37:56,27.55,100,120800
20240205,14:38:38,27.15,250,120700
20240205,14:39:03,27.45,300,120700
20240205,14:39:29,27.7,500,120700
20240205,14:39:54,27.5,500,120700
20240205,14:40:04,27.3,200,120700
20240205,14:40:26,28.2,500,120700
20240205,14:41:30,27.65,50,121300
20240205,14:42:37,28.0,50,121300
20240205,14:43:02,27.85,200,121300
20240205,14:45:17,28.35,150,121150
20240205,14:45:42,28.9,150,121150
20240205,14:46:08,29.0,100,121150
20240205,14:47:04,28.6,50,121150
20240205,14:48:20,27.5,50,121000
20240205,14:48:44,27.5,50,121000
20240205,14:50:18,27.4,150,120950
20240205,14:50:51,28.0,50,120950
20240205,14:51:14,28.0,150,120950
20240205,14:51:38,28.2,50,120950
20240205,14:52:00,27.45,50,120950
20240205,14:52:20,27.65,50,120950
20240205,14:52:31,28.0,300,120950
20240205,14:52:41,27.7,100,120950
20240205,14:52:53,27.8,50,120950
20240205,14:53:45,27.6,300,120550
20240205,14:54:27,27.95,50,120550
20240205,14:54:38,27.7,550,120550
20240205,14:54:49,27.75,50,120550
20240205,14:55:55,28.2,150,120550
20240205,14:57:06,28.8,50,120450
20240205,15:00:12,28.8,550,120500
20240205,15:00:59,28.15,50,120500
20240205,15:01:10,28.25,50,120500
20240205,15:01:32,28.5,50,120500
20240205,15:02:45,28.35,100,120450
20240205,15:04:32,27.35,100,120450
20240205,15:05:44,27.05,50,120550
20240205,15:06:07,26.5,50,120550
20240205,15:06:48,27.0,100,120550
20240205,15:12:28,26.7,150,120400
20240205,15:14:32,27.6,50,120400
20240205,15:17:27,27.9,100,120450
20240205,15:18:41,26.85,150,120450
20240205,15:19:03,27.1,150,120450
20240205,15:20:20,27.0,400,120400
20240205,15:21:34,27.1,500,120400
20240205,15:23:05,27.6,50,120400
20240205,15:26:22,27.7,100,120650
20240205,15:27:39,27.75,50,120650
20240205,15:28:08,27.7,50,120650
20240206,09:17:00,27.5,1,120650
20240206,09:17:00,27.5,150,120650
20240206,09:17:11,27.45,150,120650
20240206,09:17:22,27.9,500,120650
20240206,09:17:22,27.4,500,120650
20240206,09:18:26,28.25,50,120650
20240206,09:19:27,28.25,50,120650
20240206,09:22:36,28.6,50,120950
20240206,09:23:19,28.6,50,121000
20240206,09:23:30,27.15,50,121000
20240206,09:25:19,27.15,150,121000
20240206,09:26:02,26.95,50,121050
20240206,09:26:32,26.95,750,121050
20240206,09:26:42,26.5,950,121050
20240206,09:34:23,26.0,1750,119650
20240206,09:36:10,26.0,50,117950
20240206,09:37:16,25.65,150,117950
20240206,09:38:24,25.65,1750,117900
20240206,09:40:36,25.55,100,117900
20240206,09:41:14,25.55,1800,116200
20240206,09:41:34,25.55,900,116200
20240206,09:43:09,26.0,100,116200
20240206,09:43:18,25.9,50,116200
20240206,09:43:27,25.5,1200,116200
20240206,09:43:36,25.45,2150,116200
20240206,09:43:45,25.0,1900,115650
20240206,09:43:54,25.0,1650,115650
20240206,09:45:51,24.65,50,115650
20240206,09:46:11,24.45,50,115650
20240206,09:46:21,24.45,50,115650
20240206,09:46:58,24.6,100,113150
20240206,09:48:42,25.3,150,113150
20240206,09:52:20,25.35,50,113100
20240206,09:52:39,25.1,50,113100
20240206,09:53:07,25.1,100,113100
20240206,09:58:20,25.15,150,113200
20240206,10:02:44,25.15,50,113100
20240206,10:03:05,25.1,100,113100
20240206,10:05:18,25.05,50,113100
20240206,10:05:55,25.05,100,113100
20240206,10:06:04,25.1,150,113100
20240206,10:06:59,25.2,100,113100
20240206,10:13:57,25.5,50,112950
20240206,10:19:36,25.55,50,113000
20240206,10:20:54,25.15,150,113050
20240206,10:21:13,25.05,50,113050
20240206,10:22:33,25.45,50,113050
20240206,10:23:50,25.4,50,112950
20240206,10:26:05,25.85,50,112900
20240206,10:26:39,25.85,100,112900
20240206,10:27:01,26.0,50,112900
20240206,10:28:54,26.15,50,113000
20240206,10:29:06,26.35,150,113000
20240206,10:29:16,26.4,250,113000
20240206,10:31:53,25.95,100,113450
20240206,10:32:04,25.8,150,113450
20240206,10:32:14,25.9,100,113450
20240206,10:32:26,26.2,150,113450
20240206,10:36:04,26.6,500,113200
20240206,10:56:55,25.5,50,113100
20240206,10:58:03,25.35,100,113100
20240206,11:02:52,25.0,150,113100
20240206,11:12:39,25.0,100,113100
20240206,11:12:49,25.0,100,113100
20240206,11:12:58,25.0,50,113100
20240206,11:13:07,25.0,50,113100
20240206,11:15:03,24.5,100,113400
20240206,11:16:47,24.75,50,113400
20240206,11:17:17,24.75,50,113350
20240206,11:21:13,25.1,50,113400
20240206,11:22:56,24.5,100,113400
20240206,11:27:42,25.15,150,113400
20240206,11:27:50,25.25,150,113400
20240206,11:28:33,25.3,50,113400
20240206,11:34:05,24.85,150,113600
20240206,11:35:03,25.5,100,113450
20240206,11:38:39,25.15,50,113450
20240206,11:48:15,25.4,50,113450
20240206,11:49:55,25.45,50,113450
20240206,11:56:09,25.0,100,113450
20240206,12:00:42,24.95,50,113350
20240206,12:13:13,25.4,50,113350
20240206,12:13:22,24.8,100,113350
20240206,12:17:06,24.85,50,113300
20240206,12:27:59,25.0,50,113250
20240206,12:28:55,25.0,50,113250
20240206,12:30:25,24.45,150,113200
20240206,12:33:10,24.95,50,113150
20240206,12:34:20,25.35,500,113150
20240206,12:34:29,25.25,100,113150
20240206,12:37:05,24.7,100,113100
20240206,12:37:15,24.7,50,113100
20240206,12:37:53,24.7,100,113100
20240206,12:38:21,24.65,150,113150
20240206,12:38:50,25.0,400,113150
20240206,12:43:07,25.05,500,113250
20240206,12:43:16,24.7,50,113250
20240206,12:47:29,25.15,100,113750
20240206,12:49:20,24.85,300,113750
20240206,12:49:48,24.85,1750,113750
20240206,12:52:19,25.65,150,112200
20240206,12:53:45,26.0,900,112250
20240206,12:54:52,25.85,100,112250
20240206,12:55:19,25.65,50,112250
20240206,12:55:46,25.65,50,112250
20240206,12:58:17,25.6,100,112750
20240206,12:59:14,25.6,50,112750
20240206,12:59:31,25.55,50,112600
20240206,13:15:18,25.05,50,112600
20240206,13:15:35,25.05,100,112600
20240206,13:15:43,25.05,300,112600
20240206,13:15:51,25.05,50,112600
20240206,13:15:59,25.05,200,112600
20240206,13:16:38,25.05,50,112600
20240206,13:17:10,25.1,50,112600
20240206,13:17:18,25.1,150,112600
20240206,13:17:50,25.15,150,112600
20240206,13:17:58,25.15,100,112600
20240206,13:18:06,25.15,50,112600
20240206,13:19:38,25.1,50,112600
20240206,13:19:55,25.1,150,112600
20240206,13:20:04,25.1,100,112600
20240206,13:20:13,25.25,100,112600
20240206,13:20:22,25.1,150,112550
20240206,13:20:31,25.15,150,112550
20240206,13:20:40,25.1,100,112550
20240206,13:20:48,25.1,100,112550
20240206,13:21:13,25.15,50,112550
20240206,13:21:22,25.2,50,112550
20240206,13:21:30,25.1,100,112550
20240206,13:21:38,25.1,100,112550
20240206,13:22:05,25.1,50,112550
20240206,13:22:13,25.1,50,112550
20240206,13:22:45,25.35,50,112550
20240206,13:22:53,25.35,100,112550
20240206,13:23:01,25.4,50,112550
20240206,13:24:04,25.6,100,112650
20240206,13:27:33,25.7,200,112650
20240206,13:28:15,25.3,50,112650
20240206,13:29:47,25.25,50,112600
20240206,13:30:04,25.25,50,112600
20240206,13:30:46,25.15,50,112600
20240206,13:36:31,25.25,50,112550
20240206,13:37:30,25.5,50,112550
20240206,13:41:08,25.4,50,112550
20240206,13:41:28,25.25,50,112550
20240206,13:41:38,25.1,50,112550
20240206,13:41:47,25.05,50,112550
20240206,13:41:57,25.1,50,112550
20240206,13:45:06,25.05,50,112550
20240206,13:46:07,25.1,50,112550
20240206,13:46:26,25.05,150,112550
20240206,13:46:53,25.2,50,112550
20240206,13:47:20,25.2,200,112550
20240206,13:52:51,25.0,100,112600
20240206,13:55:58,25.55,200,112700
20240206,13:58:01,25.7,100,112800
20240206,13:58:44,25.65,50,112800
20240206,14:02:19,25.55,50,112850
20240206,14:06:56,25.35,50,112850
20240206,14:09:54,25.8,100,112800
20240206,14:12:53,26.2,50,112800
20240206,14:13:12,26.55,250,112800
20240206,14:19:32,26.35,100,112850
20240206,14:21:55,26.0,50,112850
20240206,14:22:22,25.85,50,112850
20240206,14:22:31,25.85,50,112850
20240206,14:24:31,25.85,50,112750
20240206,14:25:15,25.85,50,112750
20240206,14:25:24,25.85,100,112750
20240206,14:26:08,26.0,300,112750
20240206,14:26:25,26.0,300,112750
20240206,14:26:34,26.0,250,113000
20240206,14:26:43,26.0,250,113000
20240206,14:27:00,25.85,50,113000
20240206,14:27:09,25.85,50,113000
20240206,14:28:34,25.95,50,113000
20240206,14:29:41,26.05,50,113250
20240206,14:29:58,26.45,100,113250
20240206,14:31:26,26.05,50,113250
20240206,14:31:43,26.55,50,113250
20240206,14:33:53,26.05,100,113150
20240206,14:34:36,26.3,50,113150
20240206,14:36:03,25.9,50,113100
20240206,14:36:37,25.9,100,113100
20240206,14:37:02,26.0,50,113100
20240206,14:38:55,25.75,50,113150
20240206,14:39:55,25.85,100,113150
20240206,14:41:04,26.15,50,113150
20240206,14:43:37,26.1,50,113200
20240206,14:44:35,26.05,50,113250
20240206,14:47:45,25.85,100,113250
20240206,14:47:54,25.75,150,113250
20240206,14:49:44,26.05,50,113250
20240206,14:50:23,25.85,50,113250
20240206,14:50:33,25.8,150,113150
20240206,14:50:42,25.95,100,113150
20240206,14:50:51,25.75,50,113150
20240206,14:51:10,25.9,100,113150
20240206,14:51:30,25.75,200,113150
20240206,14:51:49,26.0,250,113150
20240206,14:55:39,26.1,50,113600
20240206,14:57:32,25.8,100,113650
20240206,15:03:38,25.85,50,113650
20240206,15:05:08,25.8,250,113650
20240206,15:06:38,25.5,200,113650
20240206,15:07:08,25.75,50,113650
20240206,15:09:38,25.45,50,113600
20240206,15:11:10,25.5,50,113600
20240206,15:12:05,26.0,450,113600
20240206,15:12:23,25.6,50,113600
20240206,15:12:58,25.65,50,113600
20240206,15:13:15,26.3,400,113600
20240206,15:13:24,26.05,100,113600
20240206,15:13:43,25.85,150,113600
20240206,15:13:53,25.95,50,113600
20240206,15:14:02,25.75,50,113600
20240206,15:14:12,25.95,50,113600
20240206,15:14:22,26.35,150,113600
20240206,15:15:21,26.4,250,114050
20240206,15:15:31,26.4,350,114050
20240206,15:17:20,26.3,600,114050
20240206,15:18:14,26.4,250,115150
20240206,15:18:56,26.35,50,115150
20240206,15:20:15,26.2,50,115150
20240206,15:20:24,26.45,100,115150
20240206,15:21:10,26.35,50,115400
20240206,15:21:21,26.45,100,115400
20240206,15:21:33,26.4,50,115400
20240206,15:21:42,26.3,50,115400
20240206,15:21:51,26.3,50,115400
20240206,15:22:00,26.3,50,115400
20240206,15:23:31,26.4,50,115400
20240206,15:23:42,26.45,50,115300
20240206,15:23:54,26.4,50,115300
20240206,15:24:04,26.45,200,115300
20240206,15:25:48,26.15,100,115300
20240206,15:28:04,26.45,50,115000
20240206,15:28:32,26.65,200,115000
20240206,15:28:42,26.9,450,115000
20240206,15:29:35,26.9,500,115000
20240206,15:29:46,26.45,50,114200
20240207,09:21:43,24.9,1,114000
20240207,09:21:43,24.9,100,114000
20240207,09:22:46,24.9,100,114000
20240207,09:23:23,25.0,100,114000
20240207,09:23:41,25.65,50,114000
20240207,09:24:25,25.65,100,114000
20240207,09:24:51,24.8,50,114000
20240207,09:28:21,24.8,100,114150
20240207,09:28:39,25.8,50,114150
20240207,09:28:49,25.8,50,114150
20240207,09:34:43,25.4,100,114200
20240207,09:35:18,25.45,100,114150
20240207,09:38:17,25.0,50,114150
20240207,09:38:35,25.4,50,114150
20240207,09:39:10,25.2,50,114150
20240207,09:39:19,25.0,50,114150
20240207,09:40:03,24.75,50,114150
20240207,09:40:20,24.65,100,114150
20240207,09:40:30,24.65,50,114150
20240207,09:42:09,24.65,50,114350
20240207,09:42:27,25.4,100,114350
20240207,09:42:36,25.4,200,114350
20240207,09:42:47,25.7,50,114350
20240207,09:42:56,25.7,100,114350
20240207,09:45:32,25.7,50,114650
20240207,09:45:58,25.7,50,114650
20240207,09:47:17,25.1,50,114700
20240207,09:47:51,25.75,100,114700
20240207,09:49:06,26.2,50,114700
20240207,09:50:13,26.2,50,114750
20240207,09:51:27,25.25,50,114750
20240207,09:55:03,25.1,50,114800
20240207,09:55:12,25.15,200,114800
20240207,09:58:39,25.2,50,114850
20240207,09:59:58,25.2,50,114850
20240207,10:00:07,25.25,50,114850
20240207,10:00:34,25.4,100,114850
20240207,10:00:51,25.3,100,114850
20240207,10:01:25,25.3,50,114850
20240207,10:01:50,25.3,50,114700
20240207,10:02:07,25.3,50,114700
20240207,10:06:03,25.3,50,114600
20240207,10:06:11,25.35,100,114600
20240207,10:06:20,25.3,100,114600
20240207,10:06:38,25.35,100,114600
20240207,10:07:39,25.35,50,114600
20240207,10:08:48,25.35,50,114400
20240207,10:09:50,25.35,50,114400
20240207,10:10:16,25.3,600,114400
20240207,10:11:24,25.3,100,114300
20240207,10:12:49,25.5,50,114300
20240207,10:18:03,25.35,50,114250
20240207,10:18:58,25.3,50,114250
20240207,10:20:53,25.85,300,114250
20240207,10:22:45,25.3,50,114250
20240207,10:23:02,25.3,100,114050
20240207,10:34:39,25.25,150,114000
20240207,10:34:55,25.4,50,114150
20240207,10:35:03,25.4,150,114150
20240207,10:35:12,25.45,100,114150
20240207,10:36:01,26.55,350,114150
20240207,10:37:26,25.7,250,114150
20240207,10:37:58,25.45,50,114800
20240207,10:38:55,25.4,150,114800
20240207,10:40:41,25.4,100,114800
20240207,10:40:51,25.4,50,114800
20240207,10:41:00,25.4,100,114900
20240207,10:41:48,25.5,50,114900
20240207,10:42:08,25.8,100,114900
20240207,10:42:20,25.65,350,114900
20240207,10:42:29,25.25,50,114900
20240207,10:42:55,25.0,550,114900
20240207,10:49:28,25.2,50,114450
20240207,10:53:29,25.2,100,114500
20240207,10:55:04,25.3,150,114500
20240207,10:56:24,25.4,50,114750
20240207,10:57:19,25.25,200,114750
20240207,10:57:27,25.25,50,114750
20240207,11:00:33,25.6,50,114750
20240207,11:02:07,24.75,400,114800
20240207,11:02:45,24.8,50,114800
20240207,11:02:53,24.8,150,114800
20240207,11:03:00,25.2,200,114800
20240207,11:06:17,25.45,50,114600
20240207,11:06:27,25.0,50,114600
20240207,11:07:01,25.6,50,114600
20240207,11:07:18,25.0,100,114600
20240207,11:10:54,25.1,50,114500
20240207,11:11:27,25.4,50,114500
20240207,11:13:38,25.1,50,114500
20240207,11:23:51,25.0,250,114600
20240207,11:24:25,25.05,50,114600
20240207,11:26:39,25.3,100,114350
20240207,11:26:59,25.6,150,114350
20240207,11:27:38,25.45,100,114350
20240207,11:30:24,25.5,100,114400
20240207,11:30:33,25.55,50,114400
20240207,11:30:50,25.55,50,114400
20240207,11:34:08,26.1,50,114600
20240207,11:34:17,26.05,50,114600
20240207,11:34:58,26.05,50,114600
20240207,11:35:28,26.05,50,114650
20240207,11:38:07,25.75,150,114700
20240207,11:38:18,25.85,50,114700
20240207,11:38:48,26.0,50,114700
20240207,11:39:41,26.4,50,114700
20240207,11:42:40,26.2,100,114700
20240207,11:42:50,26.05,200,114700
20240207,11:44:46,25.55,50,114700
20240207,11:45:31,25.65,100,114700
20240207,11:46:13,25.35,200,114700
20240207,11:46:21,25.45,100,114700
20240207,11:46:30,25.55,100,114700
20240207,11:47:46,25.1,200,114500
20240207,11:48:12,25.45,50,114500
20240207,11:49:01,25.15,50,114500
20240207,11:49:10,25.1,100,114500
20240207,11:50:26,25.1,50,114500
20240207,11:51:09,25.0,50,114500
20240207,11:51:18,25.0,300,114500
20240207,11:51:27,25.05,50,114500
20240207,11:52:09,25.25,100,114500
20240207,11:55:21,25.55,50,114500
20240207,11:57:48,26.25,50,114500
20240207,11:58:53,25.9,50,114500
20240207,12:00:59,25.65,50,114500
20240207,12:05:53,25.7,50,114500
20240207,12:10:21,25.25,50,114550
20240207,12:10:29,25.2,50,114550
20240207,12:10:46,25.25,150,114550
20240207,12:12:01,25.05,50,114500
20240207,12:14:49,25.85,50,114500
20240207,12:17:06,25.2,150,114500
20240207,12:17:14,25.35,100,114400
20240207,12:18:42,25.2,100,114400
20240207,12:20:54,25.05,50,114450
20240207,12:21:10,25.0,50,114450
20240207,12:23:28,25.5,50,114350
20240207,12:23:36,24.85,400,114350
20240207,12:29:30,25.35,50,114200
20240207,12:33:03,24.8,50,114250
20240207,12:34:06,24.8,650,114250
20240207,12:34:40,24.75,150,114250
20240207,12:38:52,24.75,50,114150
20240207,12:39:17,24.55,100,114150
20240207,12:39:35,24.5,100,114150
20240207,12:40:00,24.5,200,114150
20240207,12:41:11,24.75,50,114150
20240207,12:41:38,24.75,100,114250
20240207,12:41:46,24.55,300,114250
20240207,12:42:12,24.75,50,114250
20240207,12:43:04,24.8,50,114250
20240207,12:53:51,25.0,250,114250
20240207,12:55:03,24.75,200,114250
20240207,12:55:12,24.8,100,114250
20240207,12:56:38,24.65,100,114200
20240207,12:57:03,24.65,50,114200
20240207,13:03:46,24.9,100,114300
20240207,13:08:55,24.75,100,114300
20240207,13:12:22,24.95,50,114200
20240207,13:30:21,24.35,50,114250
20240207,13:32:39,24.35,50,114300
20240207,13:34:18,23.9,250,114300
20240207,13:41:17,23.55,50,114350
20240207,13:42:25,23.25,50,114300
20240207,13:43:02,23.25,100,114300
20240207,13:48:01,23.85,50,114250
20240207,13:48:20,23.8,150,114250
20240207,13:58:59,23.8,50,114350
20240207,14:03:27,23.35,100,114400
20240207,14:04:02,23.75,50,114400
20240207,14:05:04,23.95,50,114400
20240207,14:05:22,24.05,950,114400
20240207,14:08:09,23.8,150,113850
20240207,14:11:51,23.6,100,113750
20240207,14:13:31,23.7,50,113750
20240207,14:17:30,23.55,100,113700
20240207,14:20:41,23.6,250,113600
20240207,14:22:54,23.75,200,113600
20240207,14:47:01,23.7,100,113700
20240207,14:51:02,23.7,50,113650
20240207,14:51:37,23.7,50,113650
20240207,14:53:48,23.7,50,113600
20240207,14:53:57,23.7,50,113600
20240207,14:54:16,23.7,50,113600
20240207,14:55:09,23.7,400,113600
20240207,14:55:54,23.3,100,113600
20240207,15:03:33,23.45,50,113100
20240207,15:09:02,24.05,350,113050
20240207,15:09:53,23.5,250,113050
20240207,15:17:28,23.5,200,113450
20240207,15:20:44,23.5,50,113500
20240207,15:21:33,23.35,400,113500
20240207,15:22:38,23.5,100,113500
20240207,15:24:29,23.5,50,114000
20240207,15:24:54,23.5,50,114000
20240207,15:25:02,23.55,50,114000
20240207,15:25:10,23.5,50,114000
20240207,15:25:43,23.05,50,114000
20240207,15:26:00,23.05,50,114000
20240207,15:26:24,23.45,100,114000
20240207,15:27:51,23.65,100,114050
20240207,15:28:00,23.65,100,114050
20240207,15:28:19,23.6,100,114050
20240207,15:28:31,23.7,150,114050
20240208,09:17:54,23.0,1,113900
20240208,09:17:54,23.0,50,113900
20240208,09:19:18,22.9,50,113900
20240208,09:19:27,22.85,100,113900
20240208,09:20:02,22.8,100,113700
20240208,09:20:20,22.7,100,113700
20240208,09:20:29,22.6,100,113700
20240208,09:21:17,22.5,150,113700
20240208,09:23:58,22.5,50,113700
20240208,09:24:15,22.55,50,113450
20240208,09:24:24,23.5,100,113450
20240208,09:24:33,23.5,50,113450
20240208,09:26:12,23.6,100,113400
20240208,09:26:21,23.6,150,113400
20240208,09:27:23,23.6,50,113400
20240208,09:28:24,23.5,50,113400
20240208,09:29:05,23.5,50,113600
20240208,09:29:29,23.5,50,113600
20240208,09:29:47,24.0,550,113600
20240208,09:30:57,24.0,50,113600
20240208,09:33:45,23.0,200,113750
20240208,09:34:11,23.4,50,113750
20240208,09:34:48,22.7,50,113750
20240208,09:39:41,23.45,50,113600
20240208,09:40:59,23.45,150,113650
20240208,09:42:45,23.75,50,113650
20240208,09:42:55,23.95,150,113650
20240208,09:44:21,23.5,50,113700
20240208,09:46:46,23.4,50,113700
20240208,09:49:29,23.45,50,113750
20240208,09:55:36,23.45,100,113800
20240208,10:04:01,22.8,50,113700
20240208,10:04:45,22.85,50,113700
20240208,10:05:39,22.6,50,113650
20240208,10:07:47,22.8,100,113650
20240208,10:08:35,23.85,250,113600
20240208,10:08:46,23.0,50,113600
20240208,10:09:07,23.0,100,113600
20240208,10:09:18,23.0,100,113600
20240208,10:09:51,23.0,50,113600
20240208,10:10:01,23.0,50,113600
20240208,10:10:13,23.0,250,113600
20240208,10:15:35,23.5,50,113450
20240208,10:17:14,23.2,50,113500
20240208,10:19:27,23.45,50,113500
20240208,10:19:55,23.45,50,113550
20240208,10:26:01,23.3,200,113600
20240208,10:26:21,23.3,300,113600
20240208,10:26:32,23.3,250,113600
20240208,10:26:42,23.3,250,113600
20240208,10:27:13,22.9,200,113600
20240208,10:29:38,23.05,100,114350
20240208,10:30:06,23.0,500,114350
20240208,10:30:52,23.15,450,114350
20240208,10:31:59,22.9,50,114350
20240208,10:32:08,22.75,50,115250
20240208,10:37:07,22.85,100,115250
20240208,10:41:31,22.85,50,115250
20240208,10:41:43,23.4,200,115250
20240208,10:41:55,23.35,50,115250
20240208,10:42:06,23.15,300,115250
20240208,10:42:18,23.2,150,115250
20240208,10:42:57,22.95,50,115250
20240208,10:43:07,23.15,50,115250
20240208,10:43:18,23.5,100,115250
20240208,10:43:41,23.5,100,115250
20240208,10:44:13,23.5,100,115400
20240208,10:46:20,23.4,50,115400
20240208,10:46:39,23.25,50,115400
20240208,10:46:49,23.3,100,115400
20240208,10:46:59,23.4,100,115400
20240208,10:47:17,23.3,50,115500
20240208,10:47:26,23.45,50,115500
20240208,10:50:31,22.95,50,115450
20240208,10:53:33,23.7,550,115450
20240208,10:53:42,23.7,50,115450
20240208,10:53:51,23.7,50,115450
20240208,10:54:18,23.7,150,115450
20240208,10:54:54,23.7,100,115450
20240208,10:55:57,23.7,400,115450
20240208,10:57:25,23.8,50,116100
20240208,10:57:46,23.8,50,116100
20240208,10:57:58,23.95,50,116100
20240208,10:59:34,24.85,50,116100
20240208,11:00:29,25.15,100,116100
20240208,11:00:41,25.35,100,116100
20240208,11:03:17,25.9,50,116050
20240208,11:03:30,25.95,50,116050
20240208,11:03:40,25.95,100,116050
20240208,11:03:51,26.3,100,116050
20240208,11:04:15,26.6,250,116050
20240208,11:04:53,26.6,150,116050
20240208,11:05:17,26.95,300,115850
20240208,11:06:28,24.85,150,115850
20240208,11:06:39,25.9,50,115850
20240208,11:06:49,25.4,50,115850
20240208,11:07:10,26.1,150,115850
20240208,11:08:06,25.65,50,115850
20240208,11:08:16,25.75,50,115350
20240208,11:08:37,26.0,250,115350
20240208,11:08:57,26.4,100,115350
20240208,11:09:17,26.2,100,115350
20240208,11:12:19,25.65,200,115200
20240208,11:12:38,25.95,50,115200
20240208,11:13:46,26.15,50,115200
20240208,11:14:23,26.1,200,115150
20240208,11:14:42,24.85,350,115150
20240208,11:14:52,26.15,150,115150
20240208,11:16:56,26.15,100,115150
20240208,11:17:47,25.95,50,115150
20240208,11:17:57,25.5,850,115150
20240208,11:18:26,25.7,100,115150
20240208,11:21:11,25.9,50,115050
20240208,11:23:47,26.1,100,115100
20240208,11:24:07,25.95,50,115100
20240208,11:26:39,25.65,200,115150
20240208,11:27:27,25.4,250,115150
20240208,11:27:37,25.4,500,115150
20240208,11:27:57,25.65,50,115150
20240208,11:28:06,25.65,100,115150
20240208,11:28:16,25.5,150,115150
20240208,11:28:34,25.15,50,115150
20240208,11:28:44,24.6,100,115150
20240208,11:28:55,25.35,250,115150
20240208,11:30:04,25.65,50,114050
20240208,11:30:14,25.65,100,114050
20240208,11:30:42,25.1,150,114050
20240208,11:31:49,25.55,50,114050
20240208,11:32:09,25.95,50,113850
20240208,11:32:49,25.15,50,113850
20240208,11:33:37,25.95,50,113850
20240208,11:33:56,25.85,200,113850
20240208,11:34:14,25.85,100,113850
20240208,11:35:11,26.0,450,113800
20240208,11:38:20,25.5,50,113800
20240208,11:41:49,26.0,450,113800
20240208,11:43:05,26.0,200,113800
20240208,11:43:15,25.85,50,113800
20240208,11:43:25,26.05,250,113800
20240208,11:44:13,25.7,100,113800
20240208,11:45:40,25.75,50,114150
20240208,11:45:50,26.0,50,114150
20240208,11:45:59,26.05,50,114150
20240208,11:49:00,25.9,50,114300
20240208,11:49:19,25.9,400,114300
20240208,11:50:06,25.45,50,114300
20240208,11:51:48,25.5,50,114050
20240208,11:51:57,25.35,50,114050
20240208,11:52:06,25.25,200,114050
20240208,11:52:15,25.05,300,114050
20240208,11:52:52,25.0,50,114050
20240208,11:53:20,24.9,200,113500
20240208,11:54:03,24.9,50,113500
20240208,11:54:14,24.85,50,113500
20240208,11:56:09,24.9,50,113500
20240208,11:57:53,24.8,50,113500
20240208,11:58:23,25.1,50,113500
20240208,12:01:22,24.75,150,113600
20240208,12:01:59,24.8,150,113600
20240208,12:02:08,24.8,50,113600
20240208,12:03:32,24.6,50,113450
20240208,12:03:41,24.6,50,113450
20240208,12:03:50,24.5,200,113450
20240208,12:06:05,25.05,50,113300
20240208,12:06:14,25.3,50,113300
20240208,12:06:23,25.35,50,113300
20240208,12:09:08,25.1,50,113400
20240208,12:09:27,25.0,100,113400
20240208,12:09:46,25.0,50,113400
20240208,12:13:04,24.7,150,113500
20240208,12:13:35,24.85,50,113500
20240208,12:13:45,24.6,50,113500
20240208,12:15:38,24.9,50,113600
20240208,12:15:47,25.05,150,113600
20240208,12:16:15,25.1,100,113600
20240208,12:17:40,25.2,50,113900
20240208,12:20:41,25.5,100,113950
20240208,12:20:51,25.35,100,113950
20240208,12:21:01,25.25,50,113950
20240208,12:22:01,25.6,250,113950
20240208,12:23:43,26.15,100,114000
20240208,12:23:53,25.4,150,114000
20240208,12:25:49,25.6,50,114000
20240208,12:25:58,25.25,200,114000
20240208,12:31:06,25.55,150,113900
20240208,12:34:10,25.4,50,113950
20240208,12:34:20,25.65,150,113950
20240208,12:34:30,25.45,50,113950
20240208,12:36:22,25.0,50,114050
20240208,12:37:57,25.3,50,114050
20240208,12:38:14,25.0,50,114050
20240208,12:38:33,25.0,150,114000
20240208,12:38:50,25.0,150,114000
20240208,12:38:59,24.95,50,114000
20240208,12:39:07,24.95,100,114000
20240208,12:39:16,24.95,100,114000
20240208,12:39:25,25.25,150,114000
20240208,12:42:36,25.5,50,114000
20240208,12:44:21,25.35,50,114000
20240208,12:45:11,25.3,50,114050
20240208,12:45:19,25.35,50,114050
20240208,12:46:34,25.25,50,114050
20240208,12:47:18,25.25,50,114050
20240208,12:48:51,25.05,50,114100
20240208,12:49:24,25.0,100,114100
20240208,13:03:08,25.0,50,114000
20240208,13:03:18,24.9,50,114000
20240208,13:04:46,25.2,50,114000
20240208,13:08:10,24.55,100,114000
20240208,13:09:21,25.0,100,113950
20240208,13:09:47,24.9,50,113950
20240208,13:09:55,25.0,100,113950
20240208,13:11:28,25.0,50,114150
20240208,13:12:35,24.95,50,114150
20240208,13:12:54,24.95,50,114150
20240208,13:13:04,24.6,150,114150
20240208,13:13:13,24.45,100,114150
20240208,13:13:22,24.55,50,114150
20240208,13:13:39,24.8,250,114150
20240208,13:15:27,24.75,50,114150
20240208,13:16:26,24.45,50,114150
20240208,13:17:16,24.45,50,114150
20240208,13:26:07,25.0,250,114150
20240208,13:28:22,24.8,600,114400
20240208,13:29:45,24.55,400,114150
20240208,13:29:53,24.65,100,114150
20240208,13:38:39,24.95,150,114100
20240208,13:39:00,25.2,150,114100
20240208,13:39:08,24.95,200,114100
20240208,13:39:16,25.25,250,114100
20240208,13:39:47,25.25,250,114100
20240208,13:40:22,25.2,400,114100
20240208,13:40:31,25.1,300,114100
20240208,13:40:39,25.05,50,114100
20240208,13:40:55,25.0,50,114100
20240208,13:41:04,24.95,100,114100
20240208,13:41:13,25.0,50,114100
20240208,13:42:04,25.3,200,114250
20240208,13:42:19,25.0,150,114250
20240208,13:45:05,25.3,300,114200
20240208,13:45:29,25.4,150,114200
20240208,13:45:38,25.4,50,114200
20240208,13:45:46,25.4,50,114200
20240208,13:46:11,25.55,200,114200
20240208,13:46:43,25.55,50,114200
20240208,13:47:00,25.45,150,114200
