date,time,tick_price,volume,open_interest
20240131,10:15:40,3.05,200,200
20240131,10:56:25,3.05,200,200
20240131,11:00:09,3.05,550,400
20240131,11:00:16,3.05,3650,400
20240131,11:00:36,3.0,450,400
20240131,11:00:43,3.0,500,400
20240131,11:00:50,3.0,50,400
20240131,11:01:10,3.0,100,400
20240131,11:01:23,3.0,50,400
20240131,11:04:24,3.0,50,5750
20240131,11:11:38,3.05,100,5800
20240131,11:30:46,3.0,50,5900
20240131,11:31:52,3.0,50,5900
20240131,11:32:15,3.0,100,5900
20240131,11:32:22,3.0,50,5900
20240131,11:32:48,3.0,50,6150
20240131,11:32:54,3.05,300,6150
20240131,11:33:01,3.0,50,6150
20240131,11:33:33,3.0,50,6150
20240131,11:33:45,3.0,50,6150
20240131,12:13:24,3.05,150,6650
20240131,12:18:03,3.05,50,6650
20240131,12:18:35,3.05,50,6650
20240131,12:34:03,3.05,100,6750
20240131,12:59:23,3.05,200,6750
20240131,13:05:12,3.15,50,6750
20240131,13:10:06,3.15,250,6800
20240131,13:11:07,3.15,150,6800
20240131,13:11:14,3.0,150,6800
20240131,13:11:19,3.0,200,6800
20240131,13:11:43,2.95,200,6800
20240131,13:13:29,2.95,150,6550
20240131,13:29:33,3.05,50,6400
20240131,13:30:31,3.05,50,6350
20240131,13:30:46,3.0,200,6350
20240131,13:31:08,3.05,50,6350
20240131,13:32:37,3.0,250,6350
20240131,13:34:36,3.0,500,6450
20240131,13:56:59,3.1,200,6950
20240131,13:58:26,3.0,350,7000
20240131,13:59:04,2.85,150,7000
20240131,13:59:10,2.85,150,7000
20240131,14:07:37,2.8,300,7450
20240131,14:07:42,2.8,100,7450
20240131,14:08:07,2.8,50,7450
20240131,14:11:31,2.8,50,7600
20240131,14:12:46,2.85,50,7600
20240131,14:13:36,2.8,50,7600
20240131,14:14:53,2.85,250,7600
20240131,14:15:13,2.8,50,7900
20240131,14:15:26,2.85,200,7900
20240131,14:18:33,2.85,900,8150
20240131,14:25:25,2.9,50,8150
20240131,14:37:11,3.1,50,8150
20240131,14:42:43,3.1,50,8200
20240131,14:43:24,3.0,50,8200
20240131,14:44:30,3.0,100,8200
20240131,14:46:27,2.95,150,8100
20240131,14:46:33,2.95,100,8100
20240131,14:59:54,2.9,1050,7950
20240131,14:59:59,2.85,2250,7950
20240131,15:00:36,2.85,2250,8650
20240131,15:00:51,2.8,750,8650
20240131,15:01:05,2.85,50,8650
20240131,15:01:21,2.85,800,8650
20240131,15:01:27,2.85,50,8650
20240131,15:04:00,2.85,50,11600
20240131,15:11:43,2.8,600,11650
20240131,15:13:13,2.8,150,11900
20240131,15:19:31,2.95,50,12050
20240131,15:20:09,2.95,50,12050
20240131,15:20:14,2.95,50,12050
20240131,15:21:28,2.9,300,11900
20240131,15:21:43,2.9,900,11900
20240131,15:24:22,2.95,50,12500
20240131,15:27:37,2.95,150,12550
20240131,15:28:29,2.95,100,12550
20240201,09:15:17,3.0,1,12700
20240201,09:15:17,3.0,100,12700
20240201,09:15:39,2.95,50,12700
20240201,09:17:10,2.95,100,12700
20240201,09:17:20,2.95,50,12700
20240201,09:18:39,4.4,150,12700
20240201,09:18:49,4.45,1000,12700
20240201,09:18:59,3.55,100,12700
20240201,09:19:09,3.45,50,12700
20240201,09:19:18,3.45,400,12700
20240201,09:20:07,3.45,50,12700
20240201,09:20:17,3.5,100,12700
20240201,09:20:26,3.5,300,12700
20240201,09:20:35,4.25,300,12850
20240201,09:21:03,3.3,50,12850
20240201,09:21:13,3.35,50,12850
20240201,09:21:22,3.4,1050,12850
20240201,09:21:32,3.4,50,12850
20240201,09:22:40,3.35,400,12850
20240201,09:22:59,3.35,400,12850
20240201,09:23:10,3.35,2100,12850
20240201,09:23:41,3.45,50,15100
20240201,09:24:12,3.4,500,15100
20240201,09:24:21,3.4,200,15100
20240201,09:24:30,3.4,200,15100
20240201,09:24:47,3.45,50,15100
20240201,09:24:56,3.4,50,15100
20240201,09:25:05,3.4,50,15100
20240201,09:25:23,3.4,400,15100
20240201,09:25:57,3.4,100,15100
20240201,09:26:15,3.4,50,15100
20240201,09:26:24,3.45,200,15100
20240201,09:26:33,3.4,250,13850
20240201,09:27:00,3.45,50,13850
20240201,09:27:08,3.45,200,13850
20240201,09:27:17,3.45,100,13850
20240201,09:27:42,3.45,500,13850
20240201,09:28:09,3.45,50,13850
20240201,09:28:28,3.4,1200,13850
20240201,09:28:38,3.35,450,13850
20240201,09:29:14,3.3,50,13850
20240201,09:29:23,3.3,400,13850
20240201,09:29:59,3.15,150,14650
20240201,09:30:09,3.05,50,14650
20240201,09:31:10,3.05,500,14650
20240201,09:32:03,3.15,100,14650
20240201,09:32:12,3.15,100,14650
20240201,09:32:56,3.1,50,14650
20240201,09:34:26,3.15,50,14650
20240201,09:35:55,3.2,100,14700
20240201,09:36:44,3.15,100,14700
20240201,09:37:24,3.05,50,14700
20240201,09:37:39,3.2,300,14700
20240201,09:38:37,3.2,500,15150
20240201,09:38:54,3.2,100,15150
20240201,09:39:01,3.15,50,15150
20240201,09:39:10,3.15,50,15150
20240201,09:39:32,3.1,100,15150
20240201,09:40:15,3.1,450,15150
20240201,09:40:33,3.2,50,15150
20240201,09:40:51,3.15,100,15150
20240201,09:42:09,3.1,150,15500
20240201,09:42:56,3.0,50,15500
20240201,09:43:44,3.1,300,15500
20240201,09:45:15,3.0,250,15500
20240201,09:45:31,3.05,50,15800
20240201,09:45:47,3.0,250,15800
20240201,09:46:04,3.05,500,15800
20240201,09:46:13,2.95,500,15800
20240201,09:46:29,2.9,300,15800
20240201,09:46:38,2.9,50,15800
20240201,09:46:53,3.0,350,15800
20240201,09:47:09,3.05,100,15800
20240201,09:47:18,3.05,100,15800
20240201,09:47:26,3.05,50,15800
20240201,09:47:34,3.05,100,16200
20240201,09:48:13,3.1,250,16200
20240201,09:48:21,3.1,100,16200
20240201,09:48:29,3.1,100,16200
20240201,09:48:45,3.15,350,16200
20240201,09:49:01,3.2,600,16200
20240201,09:49:45,3.2,100,16200
20240201,09:50:06,3.15,150,16200
20240201,09:51:24,3.05,100,15600
20240201,09:51:32,3.05,100,15600
20240201,09:51:54,3.05,50,15600
20240201,09:54:31,3.25,500,15700
20240201,09:55:10,3.15,50,15700
20240201,10:00:17,3.1,50,16150
20240201,10:01:49,3.0,50,16150
20240201,10:02:42,3.6,1000,16050
20240201,10:03:43,3.2,100,16050
20240201,10:03:53,3.2,400,16050
20240201,10:04:05,3.1,50,16050
20240201,10:08:26,3.0,150,16300
20240201,10:09:07,3.05,50,16250
20240201,10:09:33,3.05,50,16250
20240201,10:10:36,3.0,200,16250
20240201,10:10:43,2.95,100,16250
20240201,10:11:16,3.0,200,16250
20240201,10:13:39,3.0,50,16200
20240201,10:15:27,3.15,50,16150
20240201,10:16:58,3.15,500,16150
20240201,10:20:16,3.2,100,16250
20240201,10:20:52,3.15,800,16250
20240201,10:21:17,3.2,50,16250
20240201,10:21:43,3.2,50,16250
20240201,10:28:14,3.2,100,16200
20240201,10:31:32,3.15,50,16200
20240201,10:40:42,3.2,100,16250
20240201,10:40:51,3.2,1200,16250
20240201,10:46:28,3.15,100,14950
20240201,10:47:45,3.15,50,14950
20240201,10:54:09,3.25,950,15000
20240201,10:54:17,3.25,50,15000
20240201,10:55:56,3.25,300,15000
20240201,10:57:08,3.25,750,14900
20240201,10:57:52,3.25,50,14900
20240201,10:58:18,3.25,50,14900
20240201,11:00:32,3.25,50,14250
20240201,11:03:10,3.15,100,14300
20240201,11:05:35,3.3,2700,14300
20240201,11:08:10,3.35,50,16900
20240201,11:08:17,3.35,100,16900
20240201,11:08:49,3.3,100,16750
20240201,11:10:09,3.3,300,16750
20240201,11:10:15,3.25,300,16750
20240201,11:14:28,3.25,100,17150
20240201,11:15:11,3.25,1200,17150
20240201,11:15:16,3.25,800,17150
20240201,11:15:51,3.25,250,17150
20240201,11:16:20,3.25,250,17150
20240201,11:16:55,3.2,300,17150
20240201,11:17:03,3.3,50,17150
20240201,11:17:21,3.3,100,17150
20240201,11:17:31,3.35,150,17150
20240201,11:17:48,3.45,150,17150
20240201,11:18:05,3.45,50,18450
20240201,11:18:31,3.4,50,18450
20240201,11:18:57,3.3,100,18450
20240201,11:19:32,3.45,100,18450
20240201,11:20:05,3.45,300,18450
20240201,11:20:38,3.45,300,18450
20240201,11:21:03,3.55,50,18750
20240201,11:23:33,3.35,50,18750
20240201,11:23:41,3.15,100,18750
20240201,11:24:04,3.15,100,18650
20240201,11:26:04,3.15,50,18650
20240201,11:28:48,3.15,50,18700
20240201,11:30:23,3.3,400,18650
20240201,11:30:31,3.3,750,18650
20240201,11:32:26,3.3,50,18650
20240201,11:32:47,3.3,100,19250
20240201,11:36:05,3.25,200,19350
20240201,11:36:25,3.25,50,19350
20240201,11:36:40,3.35,50,19350
20240201,11:36:55,3.1,100,19350
20240201,11:40:17,2.95,100,19700
20240201,11:41:30,3.05,50,19700
20240201,11:43:30,3.05,250,19750
20240201,11:46:37,2.95,200,19750
20240201,11:46:50,2.95,100,19750
20240201,11:48:01,3.05,50,20050
20240201,11:48:08,2.95,300,20050
20240201,11:48:55,2.95,900,20050
20240201,11:49:02,2.9,500,20050
20240201,11:49:15,2.9,50,20050
20240201,11:50:01,2.9,100,20050
20240201,11:50:16,2.95,50,20050
20240201,11:51:05,2.85,400,21550
20240201,11:51:37,2.8,7900,21550
20240201,11:51:59,2.9,1050,21550
20240201,11:53:03,2.85,100,21550
20240201,11:56:24,2.75,250,21500
20240201,11:56:32,2.65,350,21500
20240201,11:58:59,2.65,50,21800
20240201,11:59:07,2.6,250,21800
20240201,12:00:32,2.55,350,22000
20240201,12:00:40,2.55,300,22000
20240201,12:00:47,2.55,50,22000
20240201,12:01:03,2.55,50,22000
20240201,12:01:11,2.45,50,22000
20240201,12:01:18,2.45,100,22000
20240201,12:01:33,2.5,50,22000
20240201,12:01:40,2.5,250,22000
20240201,12:01:56,2.6,50,22000
20240201,12:02:28,2.45,50,22000
20240201,12:02:54,2.55,100,22400
20240201,12:03:26,2.55,50,22400
20240201,12:03:35,2.5,200,22400
20240201,12:05:12,2.4,100,22400
20240201,12:06:08,2.25,300,22300
20240201,12:06:26,2.2,1400,22300
20240201,12:06:54,2.3,200,22300
20240201,12:07:03,2.15,350,22300
20240201,12:07:14,2.25,400,22300
20240201,12:07:23,2.05,100,22300
20240201,12:07:33,2.05,50,22300
20240201,12:08:02,2.0,500,22300
20240201,12:08:11,2.0,300,22300
20240201,12:08:30,2.05,750,22300
20240201,12:09:23,2.1,1600,21200
20240201,12:09:31,2.15,550,21200
20240201,12:09:40,2.25,50,21200
20240201,12:09:49,2.25,200,21200
20240201,12:09:57,2.25,4000,21200
20240201,12:10:06,2.35,50,21200
20240201,12:10:24,2.25,150,21200
20240201,12:10:33,2.3,500,21200
20240201,12:10:51,2.3,50,21200
20240201,12:11:00,2.3,650,21200
20240201,12:11:19,2.3,450,21200
20240201,12:11:29,2.3,50,21200
20240201,12:11:57,2.3,100,16900
20240201,12:12:06,2.25,50,16900
20240201,12:12:15,2.25,600,16900
20240201,12:12:34,2.25,350,16900
20240201,12:12:43,2.25,250,16900
20240201,12:13:03,2.25,950,16900
20240201,12:13:12,2.25,500,16900
20240201,12:13:22,2.3,200,16900
20240201,12:13:52,2.3,800,16900
20240201,12:14:01,2.3,100,16900
20240201,12:14:20,2.3,100,16900
20240201,12:14:30,2.3,100,16900
20240201,12:14:39,2.25,250,16900
20240201,12:14:49,2.25,50,16900
20240201,12:15:08,2.25,500,17200
20240201,12:15:52,2.25,450,17200
20240201,12:16:02,2.25,150,17200
20240201,12:16:21,2.2,100,17200
20240201,12:16:30,2.2,50,17200
20240201,12:16:48,2.2,200,17200
20240201,12:16:57,2.15,1000,17200
20240201,12:17:25,2.2,450,17200
20240201,12:17:44,2.25,50,17200
20240201,12:18:01,2.25,250,16650
20240201,12:18:18,2.2,50,16650
20240201,12:18:27,2.2,200,16650
20240201,12:18:54,2.25,50,16650
20240201,12:19:14,2.25,150,16650
20240201,12:19:23,2.25,300,16650
20240201,12:19:58,2.25,200,16650
20240201,12:22:00,2.2,2150,16500
20240201,12:22:10,2.2,100,16500
20240201,12:22:18,2.2,300,16500
20240201,12:22:36,2.15,50,16500
20240201,12:22:53,2.15,50,16500
20240201,12:23:03,2.2,1800,16500
20240201,12:23:13,2.15,50,16500
20240201,12:23:22,2.15,50,16500
20240201,12:23:31,2.15,1950,16500
20240201,12:23:40,2.15,1800,16500
20240201,12:23:57,2.15,600,16500
20240201,12:24:05,2.2,200,19150
20240201,12:24:22,2.2,50,19150
20240201,12:25:13,2.15,500,19150
20240201,12:25:21,2.15,100,19150
20240201,12:25:29,2.15,200,19150
20240201,12:25:38,2.1,1000,19150
20240201,12:25:55,2.1,1750,19150
20240201,12:26:04,2.15,100,19150
20240201,12:26:20,2.1,500,19150
20240201,12:26:28,2.05,500,19150
20240201,12:26:46,2.1,450,19150
20240201,12:26:55,2.0,1200,19150
20240201,12:27:14,2.0,150,21150
20240201,12:29:08,2.05,300,21150
20240201,12:31:15,2.1,150,20850
20240201,12:31:41,2.1,50,20850
20240201,12:31:56,2.1,50,20850
20240201,12:32:05,2.1,50,20850
20240201,12:32:14,2.1,100,20850
20240201,12:32:31,2.1,100,20850
20240201,12:32:40,2.1,100,20850
20240201,12:33:25,2.1,50,20350
20240201,12:34:07,1.95,1900,20350
20240201,12:34:16,2.0,200,20350
20240201,12:34:43,2.0,800,20350
20240201,12:35:09,2.0,200,20350
20240201,12:35:18,2.0,300,20350
20240201,12:35:26,2.0,150,20350
20240201,12:35:44,2.0,200,20350
20240201,12:36:00,2.0,150,21400
20240201,12:36:35,2.0,650,21400
20240201,12:37:50,1.9,250,21400
20240201,12:38:00,1.9,50,21400
20240201,12:40:06,2.05,50,21500
20240201,12:40:40,2.0,200,21500
20240201,12:41:06,2.0,50,21500
20240201,12:44:20,1.9,50,21300
20240201,12:48:12,2.0,400,21250
20240201,12:48:22,1.85,300,21250
20240201,12:51:26,1.85,50,21150
20240201,12:51:36,2.0,150,21150
20240201,12:52:46,1.85,250,21150
20240201,12:54:30,1.85,100,21150
20240201,12:56:09,1.9,50,21150
20240201,13:00:01,1.9,100,21100
20240201,13:01:29,1.9,1200,21100
20240201,13:01:37,1.9,50,21100
20240201,13:02:01,1.85,750,21100
20240201,13:02:29,1.8,200,21100
20240201,13:02:56,1.8,100,21100
20240201,13:04:11,1.85,50,21650
20240201,13:09:04,1.75,50,21700
20240201,13:10:07,1.75,100,21700
20240201,13:10:24,1.7,350,21700
20240201,13:11:32,1.7,100,21700
20240201,13:11:40,1.75,50,21700
20240201,13:13:30,1.85,150,21550
20240201,13:14:29,1.7,150,21550
20240201,13:23:14,1.85,50,21400
20240201,13:25:03,1.75,50,21450
20240201,13:25:12,1.75,300,21450
20240201,13:27:31,1.65,300,21200
20240201,13:29:40,1.65,50,21200
20240201,13:30:15,1.8,50,21100
20240201,13:30:29,1.85,50,21100
20240201,13:38:34,1.75,50,21100
20240201,13:39:35,1.85,550,21100
20240201,13:39:41,1.85,50,21100
20240201,13:40:27,1.85,350,21100
20240201,13:41:13,1.8,50,21100
20240201,13:46:32,1.75,400,21600
20240201,13:47:21,1.75,50,21600
20240201,13:48:17,1.8,750,21700
20240201,13:48:46,1.75,250,21700
20240201,13:48:53,1.8,850,21700
20240201,13:54:00,1.75,50,22950
20240201,13:54:23,1.75,50,22950
20240201,13:58:34,1.75,100,22950
20240201,13:59:43,1.7,200,22950
20240201,14:05:30,1.65,100,22800
20240201,14:13:34,1.7,150,22700
20240201,14:14:11,1.7,200,22700
20240201,14:16:13,1.9,50,22850
20240201,14:21:05,1.7,600,22850
20240201,14:22:06,1.65,100,23100
20240201,14:24:15,1.65,400,23100
20240201,14:25:44,1.65,1350,23100
20240201,14:25:50,1.6,150,23100
20240201,14:33:23,1.5,150,24200
20240201,14:37:42,1.5,50,24200
20240201,14:40:58,1.4,350,24200
20240201,14:41:10,1.4,150,24200
20240201,14:44:47,1.55,50,24050
20240201,14:50:56,1.55,300,24050
20240201,14:54:43,1.5,300,23750
20240201,14:54:51,1.5,50,23750
20240201,14:56:04,1.55,100,23750
20240201,14:56:30,1.6,300,23750
20240201,14:58:25,1.75,50,23650
20240201,14:58:31,1.75,150,23650
20240201,14:59:31,1.7,50,23650
20240201,15:01:39,1.6,100,23700
20240201,15:02:56,1.55,50,23700
20240201,15:03:12,1.55,300,23700
20240201,15:03:20,1.55,250,23950
20240201,15:03:42,1.55,100,23950
20240201,15:05:25,1.45,200,23950
20240201,15:07:14,1.45,50,24050
20240201,15:07:49,1.45,50,24050
20240201,15:08:32,1.35,300,24050
20240201,15:08:56,1.35,50,24050
20240201,15:10:35,1.35,300,23900
20240201,15:11:24,1.5,400,23900
20240201,15:14:44,1.45,400,24500
20240201,15:15:27,1.5,200,24300
20240201,15:16:05,1.3,50,24300
20240201,15:16:27,1.3,50,24300
20240201,15:16:34,1.3,250,24300
20240201,15:20:21,1.45,100,24550
20240201,15:22:15,1.4,200,24450
20240201,15:22:23,1.3,50,24450
20240201,15:23:57,1.3,100,24450
20240201,15:24:30,1.2,1200,24400
20240201,15:25:49,1.2,500,24400
20240201,15:26:01,1.25,250,24400
20240201,15:26:53,1.4,50,24400
20240201,15:28:45,1.4,1450,24250
20240201,15:29:22,1.4,100,24250
20240201,15:29:36,1.3,150,24250
20240202,09:15:07,1.45,1,25000
20240202,09:15:07,1.45,50,25000
20240202,09:15:28,1.65,50,25000
20240202,09:15:40,1.65,400,25000
20240202,09:15:45,1.5,50,25000
20240202,09:15:48,1.5,50,25000
20240202,09:15:50,1.5,50,25000
20240202,09:16:04,1.5,50,25000
20240202,09:16:10,1.5,50,25000
20240202,09:16:11,1.5,50,25000
20240202,09:16:18,1.5,50,25000
20240202,09:16:30,1.55,500,25000
20240202,09:16:36,1.5,600,25000
20240202,09:16:44,1.5,50,25000
20240202,09:16:45,1.45,50,25000
20240202,09:16:47,1.5,300,25000
20240202,09:16:54,1.4,50,25000
20240202,09:17:05,1.4,100,25000
20240202,09:17:14,1.5,50,26350
20240202,09:17:18,1.5,100,26350
20240202,09:17:26,1.5,50,26350
20240202,09:17:29,1.5,50,26350
20240202,09:17:35,1.5,50,26350
20240202,09:17:36,1.5,150,26350
20240202,09:17:44,1.5,50,26350
20240202,09:17:49,1.5,200,26350
20240202,09:17:57,1.5,50,26350
20240202,09:18:02,1.5,50,26350
20240202,09:18:07,1.5,500,26350
20240202,09:18:08,1.5,300,26350
20240202,09:18:10,1.5,250,26350
20240202,09:18:12,1.5,50,26350
20240202,09:18:18,1.5,500,26350
20240202,09:18:25,1.5,950,26350
20240202,09:18:28,1.5,50,26350
20240202,09:18:29,1.5,50,26350
20240202,09:18:30,1.5,50,26350
20240202,09:18:34,1.45,50,26350
20240202,09:18:43,1.5,50,26350
20240202,09:18:44,1.5,200,26350
20240202,09:18:50,1.5,150,26350
20240202,09:19:00,1.45,900,26350
20240202,09:19:03,1.5,50,26350
20240202,09:19:06,1.5,100,26350
20240202,09:19:07,1.5,50,26350
20240202,09:19:08,1.45,600,26350
20240202,09:19:09,1.45,50,26350
20240202,09:19:12,1.45,250,26350
20240202,09:19:23,1.5,400,26350
20240202,09:19:24,1.45,800,26350
20240202,09:19:25,1.45,800,26350
20240202,09:19:30,1.45,50,26350
20240202,09:19:31,1.5,50,26350
20240202,09:19:35,1.5,50,26350
20240202,09:19:37,1.4,100,26350
20240202,09:19:43,1.5,50,26350
20240202,09:19:46,1.4,50,26350
20240202,09:19:48,1.5,50,26350
20240202,09:19:56,1.4,4500,26350
20240202,09:20:00,1.5,250,26350
20240202,09:20:03,1.4,1000,26350
20240202,09:20:05,1.45,250,26350
20240202,09:20:06,1.4,2500,26350
20240202,09:20:09,1.4,200,26350
20240202,09:20:18,1.4,50,37550
20240202,09:20:20,1.4,50,37550
20240202,09:20:22,1.4,50,37550
20240202,09:20:25,1.35,150,37550
20240202,09:20:34,1.35,50,37550
20240202,09:20:46,1.35,50,37550
20240202,09:20:59,1.35,50,37550
20240202,09:21:10,1.35,50,37550
20240202,09:21:22,1.4,150,37550
20240202,09:21:36,1.4,1000,37550
20240202,09:21:38,1.4,200,37550
20240202,09:21:39,1.4,50,37550
20240202,09:22:25,1.4,50,37550
20240202,09:22:32,1.4,950,37550
20240202,09:22:56,1.4,50,37550
20240202,09:22:59,1.35,50,37550
20240202,09:23:28,1.4,150,37200
20240202,09:23:29,1.4,50,37200
20240202,09:23:30,1.35,150,37200
20240202,09:23:39,1.4,50,37200
20240202,09:23:55,1.45,50,37200
20240202,09:23:58,1.4,100,37200
20240202,09:24:09,1.45,250,37200
20240202,09:24:23,1.45,50,37200
20240202,09:24:24,1.45,500,37200
20240202,09:24:26,1.45,50,37200
20240202,09:24:40,1.45,50,37200
20240202,09:24:47,1.45,300,37200
20240202,09:24:53,1.45,50,37200
20240202,09:24:57,1.45,100,37200
20240202,09:25:04,1.45,50,37200
20240202,09:25:04,1.45,900,37200
20240202,09:25:15,1.4,150,37200
20240202,09:25:21,1.45,500,37200
20240202,09:25:39,1.5,200,37200
20240202,09:25:44,1.5,300,37200
20240202,09:25:45,1.5,900,37200
20240202,09:25:53,1.5,650,37200
20240202,09:26:06,1.5,500,37200
20240202,09:26:24,1.5,300,37200
20240202,09:26:40,1.5,500,39750
20240202,09:26:58,1.5,50,39750
20240202,09:27:01,1.5,750,39750
20240202,09:27:12,1.5,400,39750
20240202,09:27:14,1.45,50,39750
20240202,09:27:15,1.45,300,39750
20240202,09:27:19,1.55,50,39750
20240202,09:27:23,1.5,950,39750
20240202,09:27:30,1.5,200,39750
20240202,09:27:41,1.5,200,39750
20240202,09:27:50,1.5,900,39750
20240202,09:27:53,1.5,50,39750
20240202,09:27:54,1.5,1050,39750
20240202,09:28:01,1.55,50,39750
20240202,09:28:02,1.55,50,39750
20240202,09:28:03,1.55,50,39750
20240202,09:28:05,1.5,200,39750
20240202,09:28:08,1.5,50,39750
20240202,09:28:10,1.5,2050,39750
20240202,09:28:11,1.45,50,39750
20240202,09:28:12,1.5,50,39750
20240202,09:28:39,1.55,50,39750
20240202,09:28:43,1.55,1500,39750
20240202,09:28:46,1.5,300,39750
20240202,09:28:47,1.55,50,39750
20240202,09:28:48,1.55,50,39750
20240202,09:28:49,1.5,800,39750
20240202,09:28:50,1.5,750,39750
20240202,09:28:55,1.55,800,39750
20240202,09:29:01,1.5,350,39750
20240202,09:29:02,1.45,200,39750
20240202,09:29:33,1.5,300,45050
20240202,09:29:46,1.45,200,45050
20240202,09:30:11,1.5,50,45050
20240202,09:30:17,1.5,100,45050
20240202,09:30:18,1.5,350,45050
20240202,09:30:41,1.5,50,45050
20240202,09:30:54,1.5,100,45050
20240202,09:30:58,1.5,550,45050
20240202,09:30:59,1.5,250,45050
20240202,09:31:04,1.45,300,45050
20240202,09:31:05,1.55,150,45050
20240202,09:31:17,1.5,50,45050
20240202,09:31:24,1.5,50,45050
20240202,09:31:25,1.5,100,45050
20240202,09:31:27,1.55,50,45050
20240202,09:31:38,1.5,50,45050
20240202,09:31:40,1.5,50,45050
20240202,09:31:41,1.5,50,45050
20240202,09:31:46,1.45,150,45050
20240202,09:31:47,1.5,50,45050
20240202,09:31:59,1.5,300,45050
20240202,09:32:14,1.5,50,45050
20240202,09:32:21,1.5,300,46850
20240202,09:32:40,1.5,250,46850
20240202,09:32:58,1.5,150,46850
20240202,09:33:03,1.45,1500,46850
20240202,09:33:04,1.55,100,46850
20240202,09:33:09,1.5,150,46850
20240202,09:33:26,1.5,1050,46850
20240202,09:33:26,1.5,50,46850
20240202,09:33:30,1.5,450,46850
20240202,09:33:35,1.5,150,46850
20240202,09:34:05,1.55,250,46850
20240202,09:34:16,1.55,50,46850
20240202,09:34:23,1.55,150,46850
20240202,09:34:29,1.5,1000,46850
20240202,09:34:32,1.5,500,46850
20240202,09:34:38,1.5,1700,46850
20240202,09:34:54,1.45,250,46850
20240202,09:35:04,1.5,250,46850
20240202,09:35:09,1.5,50,46850
20240202,09:35:22,1.5,50,46850
20240202,09:35:34,1.5,500,49700
20240202,09:35:35,1.5,50,49700
20240202,09:35:36,1.5,500,49700
20240202,09:35:41,1.5,1200,49700
20240202,09:35:51,1.5,1800,49700
20240202,09:35:52,1.5,150,49700
20240202,09:35:53,1.5,600,49700
20240202,09:35:56,1.5,700,49700
20240202,09:35:59,1.5,1550,49700
20240202,09:36:03,1.5,50,49700
20240202,09:36:12,1.45,250,49700
20240202,09:36:18,1.45,500,49700
20240202,09:36:25,1.45,50,49700
20240202,09:36:37,1.5,550,49700
20240202,09:36:52,1.5,350,49700
20240202,09:37:04,1.5,300,49700
20240202,09:37:05,1.5,50,49700
20240202,09:37:23,1.45,550,49700
20240202,09:37:36,1.5,50,49700
20240202,09:37:38,1.5,50,49700
20240202,09:37:52,1.5,50,49700
20240202,09:37:58,1.5,50,49700
20240202,09:38:05,1.45,50,49700
20240202,09:38:10,1.5,200,49700
20240202,09:38:29,1.5,50,54200
20240202,09:38:33,1.5,50,54200
20240202,09:38:48,1.5,50,54200
20240202,09:38:51,1.5,150,54200
20240202,09:38:59,1.5,50,54200
20240202,09:39:00,1.45,150,54200
20240202,09:39:18,1.5,50,54200
20240202,09:39:21,1.45,50,54200
20240202,09:39:24,1.45,1450,54200
20240202,09:39:35,1.45,550,54200
20240202,09:39:41,1.4,50,54200
20240202,09:39:44,1.45,50,54200
20240202,09:39:46,1.4,200,54200
20240202,09:40:18,1.4,50,54200
20240202,09:40:38,1.4,50,54200
20240202,09:40:41,1.45,50,54200
20240202,09:40:45,1.45,1800,54200
20240202,09:40:46,1.45,1800,54200
20240202,09:40:47,1.45,1400,54200
20240202,09:40:51,1.45,600,54200
20240202,09:40:56,1.5,50,54200
20240202,09:41:20,1.5,50,54200
20240202,09:41:29,1.5,250,56050
20240202,09:41:36,1.5,1800,56050
20240202,09:41:37,1.5,450,56050
20240202,09:41:38,1.5,1800,56050
20240202,09:41:52,1.55,200,56050
20240202,09:42:11,1.55,200,56050
20240202,09:42:14,1.5,450,56050
20240202,09:42:31,1.5,50,56050
20240202,09:42:33,1.55,1550,56050
20240202,09:42:37,1.55,5900,56050
20240202,09:42:40,1.55,550,56050
20240202,09:42:51,1.6,800,56050
20240202,09:42:53,1.65,50,56050
20240202,09:43:00,1.6,100,56050
20240202,09:43:01,1.6,500,56050
20240202,09:43:09,1.6,300,56050
20240202,09:43:10,1.75,5400,56050
20240202,09:43:11,1.8,250,56050
20240202,09:43:13,1.8,50,56050
20240202,09:43:14,1.65,100,56050
20240202,09:43:16,1.65,1200,56050
20240202,09:43:21,1.7,1800,56050
20240202,09:43:22,1.7,650,56050
20240202,09:43:23,1.7,2550,56050
20240202,09:43:24,1.7,1800,56050
20240202,09:43:28,1.65,200,56050
20240202,09:43:29,1.65,600,56050
20240202,09:43:30,1.65,1000,56050
20240202,09:43:39,1.65,1000,56050
20240202,09:43:45,1.65,1000,56050
20240202,09:43:53,1.65,100,56050
20240202,09:43:53,1.65,50,56050
20240202,09:43:59,1.7,50,56050
20240202,09:44:06,1.65,50,56050
20240202,09:44:10,1.7,5050,56050
20240202,09:44:11,1.65,200,56050
20240202,09:44:25,1.7,850,63400
20240202,09:44:26,1.7,800,63400
20240202,09:44:29,1.7,100,63400
20240202,09:44:30,1.7,50,63400
20240202,09:44:35,1.65,800,63400
20240202,09:44:37,1.7,1800,63400
20240202,09:44:43,1.75,2750,63400
20240202,09:44:45,1.75,350,63400
20240202,09:44:47,1.65,50,63400
20240202,09:44:50,1.7,1100,63400
20240202,09:44:51,1.7,700,63400
20240202,09:44:58,1.7,1800,63400
20240202,09:45:08,1.7,3600,63400
20240202,09:45:10,1.7,50,63400
20240202,09:45:12,1.7,100,63400
20240202,09:45:14,1.7,1200,63400
20240202,09:45:23,1.7,500,63400
20240202,09:45:25,1.7,500,63400
20240202,09:45:37,1.7,50,63400
20240202,09:45:44,1.65,350,63400
20240202,09:46:04,1.7,1400,63400
20240202,09:46:08,1.7,50,63400
20240202,09:46:11,1.7,6400,63400
20240202,09:46:13,1.7,1150,63400
20240202,09:46:37,1.7,2700,63400
20240202,09:46:39,1.7,100,63400
20240202,09:46:54,1.7,200,63400
20240202,09:46:57,1.7,1800,63400
20240202,09:46:59,1.7,50,63400
20240202,09:47:06,1.7,50,63400
20240202,09:47:12,1.7,250,63400
20240202,09:47:12,1.65,600,63400
20240202,09:47:17,1.65,300,83250
20240202,09:47:19,1.6,50,83250
20240202,09:47:34,1.65,100,83250
20240202,09:47:37,1.65,300,83250
20240202,09:47:50,1.6,250,83250
20240202,09:47:54,1.6,1800,83250
20240202,09:47:57,1.6,950,83250
20240202,09:48:01,1.6,50,83250
20240202,09:48:02,1.55,100,83250
20240202,09:48:04,1.6,3600,83250
20240202,09:48:05,1.6,300,83250
20240202,09:48:17,1.65,3600,83250
20240202,09:48:25,1.6,500,83250
20240202,09:48:39,1.6,200,83250
20240202,09:48:58,1.6,150,83250
20240202,09:49:00,1.6,50,83250
20240202,09:49:02,1.6,100,83250
20240202,09:49:06,1.65,50,83250
20240202,09:49:36,1.65,50,83250
20240202,09:49:44,1.65,50,83250
20240202,09:49:53,1.6,50,83250
20240202,09:50:01,1.65,100,83250
20240202,09:50:05,1.65,1800,83250
20240202,09:50:06,1.6,3100,83250
20240202,09:50:07,1.7,3900,83250
20240202,09:50:08,1.65,2250,83250
20240202,09:50:16,1.65,200,83250
20240202,09:50:23,1.65,1800,83250
20240202,09:50:24,1.65,1700,99050
20240202,09:50:47,1.65,50,99050
20240202,09:50:55,1.65,1050,99050
20240202,09:51:09,1.65,100,99050
20240202,09:51:18,1.6,200,99050
20240202,09:51:21,1.6,1400,99050
20240202,09:51:32,1.6,50,99050
20240202,09:51:35,1.65,1800,99050
20240202,09:52:06,1.65,50,99050
20240202,09:52:20,1.65,1850,99050
20240202,09:52:21,1.7,1800,99050
20240202,09:52:24,1.65,50,99050
20240202,09:52:33,1.65,500,99050
20240202,09:52:40,1.65,250,99050
20240202,09:52:41,1.65,600,99050
20240202,09:52:47,1.65,1150,99050
20240202,09:53:01,1.7,500,99050
20240202,09:53:11,1.7,700,99050
20240202,09:53:16,1.65,100,99050
20240202,09:53:17,1.65,200,103650
20240202,09:53:29,1.65,100,103650
20240202,09:53:30,1.65,350,103650
20240202,09:53:31,1.7,100,103650
20240202,09:53:38,1.65,50,103650
20240202,09:53:39,1.65,50,103650
20240202,09:53:40,1.65,50,103650
20240202,09:53:42,1.65,250,103650
20240202,09:53:42,1.65,50,103650
20240202,09:53:43,1.65,750,103650
20240202,09:53:44,1.65,250,103650
20240202,09:53:46,1.65,350,103650
20240202,09:53:48,1.65,800,103650
20240202,09:54:36,1.65,150,103650
20240202,09:54:37,1.65,400,103650
20240202,09:54:39,1.6,6000,103650
20240202,09:54:42,1.6,500,103650
20240202,09:55:15,1.65,1800,103650
20240202,09:55:16,1.65,200,103650
20240202,09:55:18,1.65,50,103650
20240202,09:55:34,1.65,50,103650
20240202,09:55:35,1.6,100,103650
20240202,09:56:43,1.65,600,100400
20240202,09:56:56,1.65,50,100400
20240202,09:57:01,1.6,50,100400
20240202,09:57:02,1.6,50,100400
20240202,09:57:11,1.55,12100,100400
20240202,09:57:12,1.55,200,100400
20240202,09:57:14,1.6,50,100400
20240202,09:57:26,1.55,1500,100400
20240202,09:57:26,1.55,900,100400
20240202,09:57:28,1.6,100,100400
20240202,09:57:35,1.55,150,100400
20240202,09:57:42,1.5,600,100400
20240202,09:57:45,1.55,200,100400
20240202,09:57:47,1.6,50,100400
20240202,09:58:17,1.6,50,100400
20240202,09:58:18,1.55,50,100400
20240202,09:58:19,1.55,1050,100400
20240202,09:58:20,1.55,100,100400
20240202,09:58:22,1.55,250,100400
20240202,09:58:23,1.55,250,100400
20240202,09:58:26,1.55,50,100400
20240202,09:58:36,1.55,2400,100400
20240202,09:59:15,1.55,50,100400
20240202,09:59:54,1.55,450,100400
20240202,10:00:01,1.6,50,99750
20240202,10:00:14,1.6,50,99750
20240202,10:00:22,1.55,50,99750
20240202,10:00:38,1.6,50,99750
20240202,10:00:59,1.6,50,99750
20240202,10:01:00,1.6,50,99750
20240202,10:01:09,1.55,200,99750
20240202,10:01:37,1.6,950,99750
20240202,10:01:55,1.6,450,99750
20240202,10:02:09,1.6,300,99750
20240202,10:02:10,1.6,100,99750
20240202,10:02:11,1.6,100,99750
20240202,10:02:14,1.6,1000,99750
20240202,10:02:15,1.6,1800,99750
20240202,10:02:17,1.6,1800,99750
20240202,10:02:19,1.6,500,99750
20240202,10:02:21,1.6,350,99800
20240202,10:02:56,1.65,500,99800
20240202,10:02:59,1.65,100,99800
20240202,10:03:21,1.6,350,99800
20240202,10:03:24,1.6,1900,99800
20240202,10:03:33,1.65,5250,99800
20240202,10:03:53,1.6,1000,99800
20240202,10:03:56,1.6,1800,99800
20240202,10:04:07,1.6,100,99800
20240202,10:04:17,1.55,250,99800
20240202,10:04:29,1.6,300,99800
20240202,10:04:41,1.55,800,99800
20240202,10:04:45,1.55,100,99800
20240202,10:04:49,1.6,50,99800
20240202,10:04:50,1.55,50,99800
20240202,10:05:15,1.55,50,99800
20240202,10:05:46,1.6,50,105000
20240202,10:06:21,1.6,750,105000
20240202,10:06:23,1.55,2450,105000
20240202,10:06:41,1.6,200,105000
20240202,10:06:44,1.55,2000,105000
20240202,10:06:45,1.55,2100,105000
20240202,10:06:46,1.5,500,105000
20240202,10:06:50,1.55,200,105000
20240202,10:06:54,1.55,450,105000
20240202,10:06:55,1.55,1000,105000
20240202,10:06:56,1.55,950,105000
20240202,10:06:57,1.5,50,105000
20240202,10:07:16,1.55,200,105000
20240202,10:07:33,1.55,50,105000
20240202,10:07:39,1.55,200,105000
20240202,10:07:50,1.55,250,105000
20240202,10:07:54,1.55,50,105000
20240202,10:07:59,1.5,1500,105000
20240202,10:07:59,1.5,3500,105000
20240202,10:08:00,1.45,500,105000
20240202,10:08:02,1.55,50,105000
20240202,10:08:24,1.5,1800,110050
20240202,10:08:30,1.5,850,110050
20240202,10:08:30,1.5,1000,110050
20240202,10:08:31,1.5,500,110050
20240202,10:08:32,1.45,500,110050
20240202,10:08:37,1.5,1950,110050
20240202,10:08:38,1.45,500,110050
20240202,10:08:57,1.5,400,110050
20240202,10:08:59,1.5,2300,110050
20240202,10:09:21,1.5,50,110050
20240202,10:09:26,1.45,750,110050
20240202,10:09:30,1.5,2000,110050
20240202,10:09:33,1.5,50,110050
20240202,10:10:00,1.45,50,110050
20240202,10:10:10,1.45,50,110050
20240202,10:11:04,1.5,200,110050
20240202,10:11:36,1.45,50,113950
20240202,10:11:45,1.5,200,113950
20240202,10:12:08,1.45,2500,113950
20240202,10:12:12,1.5,200,113950
20240202,10:12:16,1.5,50,113950
20240202,10:12:25,1.45,50,113950
20240202,10:12:32,1.5,400,113950
20240202,10:12:33,1.5,200,113950
20240202,10:12:50,1.45,100,113950
20240202,10:12:53,1.5,200,113950
20240202,10:13:03,1.45,50,113950
20240202,10:13:13,1.45,50,113950
20240202,10:13:14,1.5,200,113950
20240202,10:13:40,1.45,250,113950
20240202,10:13:48,1.5,400,113950
20240202,10:13:52,1.5,2550,113950
20240202,10:14:18,1.55,50,113950
20240202,10:15:06,1.5,100,113000
20240202,10:15:11,1.55,200,113000
20240202,10:15:33,1.5,50,113000
20240202,10:15:56,1.55,200,113000
20240202,10:16:04,1.5,200,113000
20240202,10:16:25,1.55,900,113000
20240202,10:16:41,1.55,50,113000
20240202,10:16:48,1.5,1600,113000
20240202,10:16:55,1.45,400,113000
20240202,10:16:59,1.45,900,113000
20240202,10:17:01,1.5,50,113000
20240202,10:17:11,1.45,50,113000
20240202,10:17:26,1.5,100,112400
20240202,10:17:53,1.5,50,112400
20240202,10:18:11,1.5,200,112400
20240202,10:18:23,1.5,200,112400
20240202,10:18:28,1.45,1200,112400
20240202,10:18:36,1.5,250,112400
20240202,10:19:01,1.5,1400,112400
20240202,10:19:02,1.5,400,112400
20240202,10:19:07,1.5,50,112400
20240202,10:19:11,1.5,50,112400
20240202,10:19:14,1.5,200,112400
20240202,10:19:33,1.5,100,112400
20240202,10:19:43,1.45,1800,112400
20240202,10:19:53,1.5,50,112400
20240202,10:20:08,1.5,1800,112400
20240202,10:20:09,1.5,50,112400
20240202,10:20:10,1.45,3050,112400
20240202,10:20:11,1.45,50,112400
20240202,10:20:35,1.45,300,117350
20240202,10:21:12,1.45,50,117350
20240202,10:21:22,1.45,200,117350
20240202,10:21:29,1.45,50,117350
20240202,10:21:31,1.45,200,117350
20240202,10:21:36,1.4,50,117350
20240202,10:21:37,1.45,50,117350
20240202,10:21:40,1.45,200,117350
20240202,10:21:46,1.45,100,117350
20240202,10:21:54,1.45,200,117350
20240202,10:22:00,1.45,200,117350
20240202,10:22:08,1.45,200,117350
20240202,10:22:22,1.45,200,117350
20240202,10:22:34,1.45,300,117350
20240202,10:22:39,1.45,50,117350
20240202,10:23:09,1.4,900,117350
20240202,10:23:11,1.45,50,117350
20240202,10:23:12,1.45,400,117350
20240202,10:23:28,1.45,200,119950
20240202,10:23:38,1.45,50,119950
20240202,10:23:46,1.4,50,119950
20240202,10:24:09,1.4,50,119950
20240202,10:24:14,1.4,50,119950
20240202,10:24:26,1.45,250,119950
20240202,10:24:38,1.45,50,119950
20240202,10:24:56,1.45,250,119950
20240202,10:24:58,1.45,150,119950
20240202,10:25:09,1.45,50,119950
20240202,10:25:22,1.45,50,119950
20240202,10:25:28,1.45,50,119950
20240202,10:25:37,1.45,50,119950
20240202,10:25:38,1.45,50,119950
20240202,10:25:42,1.45,50,119950
20240202,10:25:44,1.4,50,119950
20240202,10:26:09,1.4,9350,119950
20240202,10:26:15,1.4,200,119950
20240202,10:26:40,1.4,300,126600
20240202,10:27:23,1.35,200,126600
20240202,10:27:25,1.35,50,126600
20240202,10:27:34,1.35,1000,126600
20240202,10:27:39,1.4,3050,126600
20240202,10:27:40,1.4,50,126600
20240202,10:27:41,1.35,400,126600
20240202,10:28:06,1.35,50,126600
20240202,10:28:39,1.35,50,126600
20240202,10:28:43,1.35,250,126600
20240202,10:28:53,1.35,50,126600
20240202,10:29:07,1.35,950,126600
20240202,10:29:51,1.4,1800,128500
20240202,10:31:03,1.35,1050,128500
20240202,10:31:06,1.4,100,128500
20240202,10:31:12,1.35,50,128500
20240202,10:31:24,1.4,1800,128500
20240202,10:32:01,1.35,1200,128500
20240202,10:32:02,1.4,100,128500
20240202,10:32:31,1.4,200,128500
20240202,10:33:05,1.4,50,130550
20240202,10:33:37,1.4,100,130550
20240202,10:33:50,1.4,50,130550
20240202,10:34:17,1.4,50,130550
20240202,10:34:41,1.35,50,130550
20240202,10:35:02,1.35,50,130550
20240202,10:35:18,1.4,50,130550
20240202,10:35:31,1.4,100,130850
20240202,10:35:34,1.4,1550,130850
20240202,10:36:14,1.35,3000,130850
20240202,10:36:20,1.4,50,130850
20240202,10:36:21,1.35,3950,130850
20240202,10:36:22,1.3,500,130850
20240202,10:36:23,1.3,4550,130850
20240202,10:36:24,1.3,2500,130850
20240202,10:36:25,1.3,4700,130850
20240202,10:36:26,1.25,500,130850
20240202,10:36:34,1.25,3500,130850
20240202,10:36:35,1.3,900,130850
20240202,10:36:36,1.25,100,130850
20240202,10:36:47,1.3,900,130850
20240202,10:36:50,1.3,1800,130850
20240202,10:36:51,1.3,1550,130850
20240202,10:37:04,1.3,50,130850
20240202,10:37:05,1.3,1000,130850
20240202,10:37:10,1.3,50,130850
20240202,10:37:44,1.3,50,130850
20240202,10:38:02,1.3,50,130850
20240202,10:38:09,1.3,1000,130850
20240202,10:39:32,1.3,50,137500
20240202,10:39:39,1.3,350,137500
20240202,10:39:41,1.25,1450,137500
20240202,10:40:03,1.3,50,137500
20240202,10:40:06,1.3,50,137500
20240202,10:40:29,1.3,1800,137500
20240202,10:40:30,1.3,1000,137500
20240202,10:40:38,1.3,1800,137500
20240202,10:40:40,1.3,1550,137500
20240202,10:40:45,1.3,50,137500
20240202,10:40:57,1.3,2000,137500
20240202,10:40:59,1.3,2300,137500
20240202,10:40:59,1.25,200,137500
20240202,10:41:06,1.3,1000,137500
20240202,10:41:07,1.3,1800,137500
20240202,10:41:10,1.35,50,137500
20240202,10:41:19,1.3,2050,137500
20240202,10:41:20,1.25,450,137500
20240202,10:41:22,1.3,1550,137500
20240202,10:41:24,1.3,1000,140550
20240202,10:41:26,1.25,500,140550
20240202,10:42:05,1.25,1600,140550
20240202,10:42:17,1.25,50,140550
20240202,10:42:59,1.25,700,140550
20240202,10:43:01,1.25,1300,140550
20240202,10:43:02,1.25,50,140550
20240202,10:43:38,1.25,50,140550
20240202,10:43:59,1.25,50,140550
20240202,10:44:02,1.25,1000,140550
20240202,10:44:03,1.25,2450,140550
20240202,10:44:04,1.25,250,140550
20240202,10:44:21,1.2,50,140550
20240202,10:44:49,1.2,250,140550
20240202,10:44:51,1.25,50,139750
20240202,10:45:23,1.25,50,139750
20240202,10:45:48,1.25,500,139750
20240202,10:46:36,1.2,900,139750
20240202,10:46:49,1.25,50,139750
20240202,10:46:59,1.2,50,139750
20240202,10:47:18,1.2,100,139750
20240202,10:47:35,1.25,50,139750
20240202,10:48:14,1.2,50,139750
20240202,10:48:18,1.25,500,139750
20240202,10:48:29,1.2,100,139750
20240202,10:48:42,1.2,100,139750
20240202,10:49:28,1.2,300,139750
20240202,10:49:35,1.25,100,139750
20240202,10:50:01,1.25,1100,139750
20240202,10:50:26,1.25,2350,139800
20240202,10:51:07,1.3,11250,139800
20240202,10:51:24,1.25,150,139800
20240202,10:51:45,1.3,100,139800
20240202,10:51:56,1.25,900,139800
20240202,10:51:58,1.25,1400,139800
20240202,10:52:08,1.25,1000,139800
20240202,10:52:57,1.25,550,139800
20240202,10:53:48,1.2,100,143550
20240202,10:57:21,1.2,50,143450
20240202,10:57:38,1.2,50,143450
20240202,10:57:46,1.25,1050,143450
20240202,10:58:48,1.3,350,143450
20240202,10:58:55,1.3,250,143450
20240202,10:59:02,1.35,50,143450
20240202,10:59:05,1.35,1050,143450
20240202,10:59:18,1.35,500,143450
20240202,10:59:20,1.3,50,143450
20240202,10:59:29,1.3,100,142950
20240202,10:59:50,1.3,50,142950
20240202,11:00:13,1.3,50,142950
20240202,11:00:14,1.35,50,142950
20240202,11:00:15,1.35,50,142950
20240202,11:00:45,1.3,500,142950
20240202,11:00:56,1.3,300,142950
20240202,11:04:16,1.3,50,143450
20240202,11:04:23,1.3,50,143450
20240202,11:04:28,1.3,100,143450
20240202,11:04:33,1.3,1000,143450
20240202,11:04:40,1.3,200,143450
20240202,11:05:10,1.25,50,143450
20240202,11:05:51,1.3,1200,143500
20240202,11:06:33,1.3,250,143500
20240202,11:06:39,1.3,50,143500
20240202,11:06:51,1.3,100,143500
20240202,11:06:53,1.3,150,143500
20240202,11:07:18,1.3,50,143500
20240202,11:07:31,1.25,100,143500
20240202,11:08:05,1.3,50,143500
20240202,11:09:07,1.3,50,144250
20240202,11:10:17,1.25,50,144250
20240202,11:10:37,1.25,50,144250
20240202,11:10:44,1.3,50,144250
20240202,11:11:32,1.25,50,144250
20240202,11:13:38,1.25,250,144250
20240202,11:13:59,1.3,2250,144250
20240202,11:14:01,1.3,650,144250
20240202,11:14:11,1.35,1250,144250
20240202,11:14:16,1.35,500,144250
20240202,11:14:25,1.4,50,144250
20240202,11:14:26,1.35,1000,144250
20240202,11:14:31,1.35,1000,144250
20240202,11:14:36,1.35,250,142600
20240202,11:14:50,1.35,250,142600
20240202,11:14:54,1.35,250,142600
20240202,11:15:09,1.35,50,142600
20240202,11:15:14,1.35,450,142600
20240202,11:16:29,1.3,50,142600
20240202,11:16:31,1.35,50,142600
20240202,11:16:39,1.35,750,142600
20240202,11:16:52,1.4,50,142600
20240202,11:17:24,1.4,50,142600
20240202,11:17:41,1.35,50,144100
20240202,11:17:44,1.4,50,144100
20240202,11:18:10,1.35,200,144100
20240202,11:18:49,1.35,50,144100
20240202,11:19:01,1.35,50,144100
20240202,11:19:13,1.4,400,144100
20240202,11:19:15,1.4,250,144100
20240202,11:19:16,1.4,550,144100
20240202,11:19:36,1.35,100,144100
20240202,11:19:52,1.4,250,144100
20240202,11:20:03,1.4,300,144100
20240202,11:20:19,1.4,250,144100
20240202,11:20:32,1.4,50,142900
20240202,11:20:35,1.4,100,142900
20240202,11:21:16,1.4,250,142900
20240202,11:21:18,1.4,500,142900
20240202,11:21:20,1.4,1050,142900
20240202,11:21:21,1.35,1050,142900
20240202,11:21:34,1.45,500,142900
20240202,11:21:38,1.45,1850,142900
20240202,11:21:41,1.45,50,142900
20240202,11:21:44,1.45,1000,142900
20240202,11:21:45,1.45,150,142900
20240202,11:22:20,1.4,500,142900
20240202,11:22:22,1.4,850,142900
20240202,11:22:33,1.4,900,142900
20240202,11:22:34,1.4,1850,142900
20240202,11:22:36,1.4,250,142900
20240202,11:22:46,1.4,1800,142900
20240202,11:23:07,1.4,1800,142900
20240202,11:23:10,1.35,50,142900
20240202,11:23:17,1.4,1100,142900
20240202,11:23:39,1.45,50,146300
20240202,11:23:40,1.45,50,146300
20240202,11:23:53,1.45,1800,146300
20240202,11:24:02,1.45,50,146300
20240202,11:24:02,1.4,50,146300
20240202,11:24:03,1.45,50,146300
20240202,11:24:14,1.45,50,146300
20240202,11:24:24,1.45,1500,146300
20240202,11:24:38,1.4,50,146300
20240202,11:24:40,1.45,50,146300
20240202,11:24:41,1.45,50,146300
20240202,11:24:47,1.45,100,146300
20240202,11:25:01,1.4,3600,146300
20240202,11:25:03,1.45,1200,146300
20240202,11:25:07,1.4,200,146300
20240202,11:25:12,1.4,50,146300
20240202,11:25:43,1.45,1950,146300
20240202,11:25:57,1.4,50,146300
20240202,11:25:58,1.45,1800,146300
20240202,11:26:08,1.45,100,146300
20240202,11:27:08,1.45,250,146300
20240202,11:27:13,1.45,1500,143750
20240202,11:27:14,1.45,50,143750
20240202,11:27:16,1.4,5400,143750
20240202,11:27:21,1.4,1500,143750
20240202,11:27:25,1.4,450,143750
20240202,11:27:36,1.35,1800,143750
20240202,11:27:51,1.35,450,143750
20240202,11:27:54,1.35,200,143750
20240202,11:27:58,1.35,1000,143750
20240202,11:28:14,1.35,1550,143750
20240202,11:28:17,1.35,1100,143750
20240202,11:28:18,1.35,50,143750
20240202,11:28:40,1.3,1800,143750
20240202,11:28:54,1.3,100,143750
20240202,11:29:03,1.35,50,143750
20240202,11:29:14,1.3,250,143750
20240202,11:29:15,1.3,4400,143750
20240202,11:29:16,1.3,1850,143750
20240202,11:29:17,1.25,1900,143750
20240202,11:29:19,1.3,250,143750
20240202,11:29:22,1.3,2250,143750
20240202,11:29:26,1.3,900,143750
20240202,11:29:52,1.3,1800,141000
20240202,11:29:53,1.3,500,141000
20240202,11:29:55,1.35,50,141000
20240202,11:30:01,1.3,1800,141000
20240202,11:30:06,1.35,50,141000
20240202,11:30:54,1.3,50,141000
20240202,11:31:09,1.35,50,141000
20240202,11:31:24,1.3,1800,141000
20240202,11:31:25,1.25,9250,141000
20240202,11:31:42,1.25,1000,141000
20240202,11:31:56,1.25,50,141000
20240202,11:32:00,1.25,50,141000
20240202,11:32:19,1.25,50,141000
20240202,11:32:32,1.25,1800,141000
20240202,11:32:36,1.25,50,138500
20240202,11:32:37,1.25,1700,138500
20240202,11:32:47,1.25,1800,138500
20240202,11:33:06,1.3,200,138500
20240202,11:33:07,1.3,1550,138500
20240202,11:33:11,1.3,850,138500
20240202,11:33:13,1.3,1150,138500
20240202,11:34:07,1.3,1600,138500
20240202,11:34:13,1.3,150,138500
20240202,11:34:16,1.3,50,138500
20240202,11:34:19,1.3,750,138500
20240202,11:34:20,1.3,50,138500
20240202,11:35:01,1.3,100,138500
20240202,11:35:41,1.3,900,138400
20240202,11:35:42,1.3,550,138400
20240202,11:35:43,1.3,400,138400
20240202,11:36:06,1.3,4100,138400
20240202,11:36:21,1.3,900,138400
20240202,11:36:26,1.3,1800,138400
20240202,11:36:26,1.3,1150,138400
20240202,11:36:43,1.35,50,138400
20240202,11:36:45,1.35,900,138400
20240202,11:36:46,1.35,1500,138400
20240202,11:36:50,1.4,100,138400
20240202,11:36:52,1.4,2450,138400
20240202,11:36:53,1.4,1750,138400
20240202,11:36:57,1.45,50,138400
20240202,11:37:00,1.4,1000,138400
20240202,11:37:06,1.4,50,138400
20240202,11:37:08,1.4,1300,138400
20240202,11:37:17,1.4,650,138400
20240202,11:37:21,1.4,150,138400
20240202,11:37:22,1.4,200,138400
20240202,11:37:27,1.4,50,138400
20240202,11:37:40,1.45,200,138400
20240202,11:37:41,1.45,1850,138400
20240202,11:37:42,1.45,1850,138400
20240202,11:37:43,1.45,250,138400
20240202,11:37:48,1.5,900,138400
20240202,11:37:54,1.45,1100,138400
20240202,11:37:55,1.45,50,138400
20240202,11:37:59,1.45,1800,138400
20240202,11:38:01,1.45,650,138400
20240202,11:38:04,1.45,250,138400
20240202,11:38:16,1.45,600,138400
20240202,11:38:16,1.45,350,138400
20240202,11:38:23,1.5,1400,138400
20240202,11:38:36,1.5,100,138400
20240202,11:38:37,1.45,150,140050
20240202,11:39:02,1.45,1800,140050
20240202,11:39:09,1.45,100,140050
20240202,11:39:14,1.45,1800,140050
20240202,11:39:15,1.45,1800,140050
20240202,11:39:16,1.45,850,140050
20240202,11:39:19,1.45,1850,140050
20240202,11:39:20,1.45,50,140050
20240202,11:39:21,1.45,2550,140050
20240202,11:39:23,1.45,1700,140050
20240202,11:39:32,1.5,1800,140050
20240202,11:39:34,1.5,900,140050
20240202,11:39:35,1.5,600,140050
20240202,11:39:44,1.5,50,140050
20240202,11:39:46,1.5,1150,140050
20240202,11:39:57,1.5,900,140050
20240202,11:39:58,1.5,1300,140050
20240202,11:40:00,1.5,1550,140050
20240202,11:40:07,1.5,900,140050
20240202,11:40:16,1.45,1000,140050
20240202,11:40:17,1.45,50,140050
20240202,11:40:22,1.45,50,140050
20240202,11:40:46,1.45,250,140050
20240202,11:40:48,1.45,450,140050
20240202,11:41:04,1.5,900,140050
20240202,11:41:08,1.5,100,140050
20240202,11:41:18,1.5,1350,140050
20240202,11:41:29,1.5,250,140050
20240202,11:41:32,1.5,1200,140050
20240202,11:41:43,1.5,100,139400
20240202,11:42:24,1.5,100,139400
20240202,11:43:10,1.45,300,139400
20240202,11:43:26,1.45,50,139400
20240202,11:43:27,1.45,2150,139400
20240202,11:43:28,1.45,1650,139400
20240202,11:43:31,1.45,900,139400
20240202,11:43:38,1.45,50,139400
20240202,11:43:41,1.45,50,139400
20240202,11:43:43,1.4,200,139400
20240202,11:43:51,1.4,50,139400
20240202,11:43:56,1.4,150,139400
20240202,11:43:57,1.4,50,139400
20240202,11:44:03,1.45,50,139400
20240202,11:44:10,1.4,150,139400
20240202,11:44:20,1.4,50,139400
20240202,11:44:38,1.4,50,138400
20240202,11:44:39,1.4,50,138400
20240202,11:44:59,1.4,900,138400
20240202,11:45:04,1.4,700,138400
20240202,11:45:06,1.4,50,138400
20240202,11:45:22,1.4,100,138400
20240202,11:45:41,1.35,750,138400
20240202,11:45:50,1.35,2450,138400
20240202,11:45:54,1.35,50,138400
20240202,11:46:07,1.35,1550,138400
20240202,11:46:16,1.4,50,138400
20240202,11:46:19,1.4,300,138400
20240202,11:46:26,1.4,50,138400
20240202,11:46:32,1.4,3200,138400
20240202,11:46:33,1.4,200,138400
20240202,11:46:49,1.4,1200,138400
20240202,11:46:54,1.4,500,138400
20240202,11:47:12,1.4,800,138400
20240202,11:47:14,1.45,50,138400
20240202,11:47:21,1.45,100,138400
20240202,11:47:24,1.45,250,138400
20240202,11:47:29,1.45,150,138400
20240202,11:48:02,1.45,50,138900
20240202,11:48:04,1.4,50,138900
20240202,11:48:15,1.45,50,138900
20240202,11:48:32,1.4,50,138900
20240202,11:48:35,1.45,200,138900
20240202,11:49:02,1.4,1450,138900
20240202,11:49:25,1.45,50,138900
20240202,11:49:38,1.4,1300,138900
20240202,11:49:44,1.4,300,138900
20240202,11:49:46,1.45,50,138900
20240202,11:49:49,1.4,1600,138900
20240202,11:50:05,1.45,50,138900
20240202,11:50:08,1.4,50,138900
20240202,11:50:13,1.4,1800,138900
20240202,11:50:38,1.45,1200,138700
20240202,11:50:43,1.35,500,138700
20240202,11:50:47,1.35,350,138700
20240202,11:51:41,1.35,50,138700
20240202,11:51:49,1.4,100,138700
20240202,11:52:02,1.35,50,138700
20240202,11:52:06,1.4,50,138700
20240202,11:52:11,1.4,1350,138700
20240202,11:52:20,1.35,1750,138700
20240202,11:52:24,1.4,100,138700
20240202,11:52:26,1.35,300,138700
20240202,11:52:29,1.35,1200,138700
20240202,11:52:30,1.35,3000,138700
20240202,11:52:44,1.35,1900,138700
20240202,11:52:45,1.35,50,138700
20240202,11:52:53,1.35,2250,138700
20240202,11:52:54,1.35,50,138700
20240202,11:53:27,1.4,50,138700
20240202,11:53:40,1.35,50,138700
20240202,11:53:42,1.4,50,137700
20240202,11:53:48,1.35,1800,137700
20240202,11:53:49,1.35,150,137700
20240202,11:53:50,1.4,50,137700
20240202,11:53:57,1.35,50,137700
20240202,11:54:36,1.35,50,137700
20240202,11:55:07,1.35,1100,137700
20240202,11:55:11,1.35,200,137700
20240202,11:55:26,1.35,4000,137700
20240202,11:55:30,1.35,50,137700
20240202,11:55:59,1.3,50,137700
20240202,11:56:13,1.4,2400,137700
20240202,11:56:18,1.4,200,137700
20240202,11:57:12,1.4,50,137700
20240202,11:57:34,1.4,50,133000
20240202,11:57:59,1.35,200,133000
20240202,11:59:28,1.4,200,133000
20240202,11:59:49,1.4,300,133000
20240202,12:00:16,1.35,1000,133000
20240202,12:00:21,1.4,200,133000
20240202,12:00:52,1.35,200,133000
20240202,12:01:22,1.35,150,133000
20240202,12:01:54,1.35,150,133000
20240202,12:02:05,1.35,50,133000
20240202,12:02:19,1.35,400,133000
20240202,12:02:30,1.4,50,133000
20240202,12:02:44,1.35,50,135150
20240202,12:03:32,1.4,50,135150
20240202,12:03:45,1.4,50,135150
20240202,12:03:52,1.4,50,135150
20240202,12:03:53,1.4,50,135150
20240202,12:04:46,1.35,50,135150
20240202,12:05:09,1.35,50,135150
20240202,12:05:35,1.4,50,135150
20240202,12:05:48,1.35,50,135300
20240202,12:07:57,1.35,50,135300
20240202,12:08:50,1.4,150,135200
20240202,12:10:18,1.4,50,135200
20240202,12:11:24,1.4,150,135200
20240202,12:12:09,1.4,50,135200
20240202,12:13:01,1.35,50,135250
20240202,12:13:16,1.4,50,135250
20240202,12:13:17,1.4,500,135250
20240202,12:13:29,1.4,50,135250
20240202,12:13:35,1.35,250,135250
20240202,12:13:47,1.35,50,135250
20240202,12:14:05,1.35,1800,135250
20240202,12:14:26,1.35,500,135250
20240202,12:14:35,1.35,50,135250
20240202,12:14:36,1.35,50,135250
20240202,12:14:37,1.35,50,134100
20240202,12:14:48,1.35,50,134100
20240202,12:14:49,1.35,50,134100
20240202,12:15:11,1.4,2100,134100
20240202,12:15:14,1.35,1950,134100
20240202,12:15:16,1.3,1800,134100
20240202,12:15:23,1.35,50,134100
20240202,12:15:50,1.25,3400,134100
20240202,12:15:51,1.25,1800,134100
20240202,12:16:01,1.3,50,134100
20240202,12:16:14,1.25,500,134100
20240202,12:16:55,1.3,250,134100
20240202,12:17:04,1.3,50,134100
20240202,12:17:05,1.25,1800,134100
20240202,12:17:18,1.25,1600,134100
20240202,12:17:25,1.3,750,134100
20240202,12:17:59,1.2,3900,133500
20240202,12:18:01,1.25,2800,133500
20240202,12:18:08,1.25,200,133500
20240202,12:18:09,1.25,50,133500
20240202,12:18:10,1.25,50,133500
20240202,12:18:11,1.25,50,133500
20240202,12:18:15,1.25,50,133500
20240202,12:18:25,1.25,50,133500
20240202,12:18:36,1.2,450,133500
20240202,12:18:51,1.2,2450,133500
20240202,12:18:52,1.25,50,133500
20240202,12:18:54,1.15,100,133500
20240202,12:18:55,1.2,50,133500
20240202,12:19:02,1.2,50,133500
20240202,12:19:12,1.2,50,133500
20240202,12:19:25,1.2,50,133500
20240202,12:19:40,1.2,50,133500
20240202,12:19:52,1.2,500,133500
20240202,12:20:05,1.15,1850,133500
20240202,12:20:06,1.2,50,133500
20240202,12:20:19,1.15,50,133500
20240202,12:20:23,1.2,100,133500
20240202,12:20:24,1.15,500,133500
20240202,12:20:44,1.15,50,135200
20240202,12:21:04,1.15,500,135200
20240202,12:21:07,1.1,5150,135200
20240202,12:21:07,1.15,5250,135200
20240202,12:21:14,1.15,600,135200
20240202,12:21:19,1.15,50,135200
20240202,12:21:23,1.2,1800,135200
20240202,12:21:28,1.15,50,135200
20240202,12:21:37,1.15,950,135200
20240202,12:21:55,1.15,1400,135200
20240202,12:21:56,1.1,3350,135200
20240202,12:21:57,1.05,50,135200
20240202,12:22:18,1.05,300,135200
20240202,12:22:22,1.15,1000,135200
20240202,12:22:24,1.15,50,135200
20240202,12:22:38,1.1,150,135200
20240202,12:22:45,1.15,50,135200
20240202,12:22:56,1.1,1800,135200
20240202,12:22:57,1.05,4750,135200
20240202,12:23:02,1.1,1350,135200
20240202,12:23:03,1.1,250,135200
20240202,12:23:04,1.1,50,135200
20240202,12:23:05,1.1,50,135200
20240202,12:23:06,1.1,50,135200
20240202,12:23:07,1.1,50,135200
20240202,12:23:12,1.05,700,135200
20240202,12:23:14,1.05,1800,135200
20240202,12:23:32,1.1,2000,135200
20240202,12:23:33,1.1,750,135200
20240202,12:23:36,1.1,50,135200
20240202,12:23:38,1.05,1800,145300
20240202,12:23:55,1.05,1800,145300
20240202,12:24:16,1.05,1800,145300
20240202,12:24:26,1.1,2900,145300
20240202,12:24:27,1.1,300,145300
20240202,12:24:28,1.15,50,145300
20240202,12:24:36,1.15,50,145300
20240202,12:24:39,1.1,3350,145300
20240202,12:25:08,1.05,1950,145300
20240202,12:25:13,1.05,300,145300
20240202,12:25:21,1.05,50,145300
20240202,12:25:26,1.1,5300,145300
20240202,12:25:43,1.05,1800,145300
20240202,12:25:52,1.05,50,145300
20240202,12:26:09,1.05,1800,145300
20240202,12:26:14,1.1,200,145300
20240202,12:26:45,1.05,50,149650
20240202,12:27:16,1.05,400,149650
20240202,12:27:23,1.05,50,149650
20240202,12:27:35,1.05,50,149650
20240202,12:27:36,1.05,50,149650
20240202,12:27:51,1.05,50,149650
20240202,12:27:56,1.05,50,149650
20240202,12:28:07,1.05,1800,149650
20240202,12:28:08,1.0,2000,149650
20240202,12:28:09,1.0,1000,149650
20240202,12:28:20,1.0,250,149650
20240202,12:28:24,1.0,300,149650
20240202,12:28:32,1.05,500,149650
20240202,12:28:47,1.05,150,149650
20240202,12:28:50,1.05,150,149650
20240202,12:29:08,1.0,2500,149650
20240202,12:29:13,1.0,1050,149650
20240202,12:29:17,1.0,2150,149650
20240202,12:29:19,0.95,100,149650
20240202,12:29:28,0.95,50,149650
20240202,12:29:41,1.0,1950,153700
20240202,12:29:45,1.0,200,153700
20240202,12:29:48,1.0,550,153700
20240202,12:30:00,1.0,650,153700
20240202,12:30:10,0.95,1800,153700
20240202,12:30:14,0.95,500,153700
20240202,12:30:26,0.95,50,153700
20240202,12:30:33,1.0,1000,153700
20240202,12:30:36,0.95,550,153700
20240202,12:30:36,0.95,1000,153700
20240202,12:30:40,0.95,500,153700
20240202,12:30:49,0.95,1100,153700
20240202,12:30:52,1.0,100,153700
20240202,12:31:04,1.0,250,153700
20240202,12:31:13,0.95,300,153700
20240202,12:31:14,0.95,2200,153700
20240202,12:31:15,0.95,5200,153700
20240202,12:31:15,1.0,350,153700
20240202,12:31:24,1.0,50,153700
20240202,12:31:31,0.9,100,153700
20240202,12:31:44,0.9,1800,153700
20240202,12:31:49,0.9,300,153700
20240202,12:32:31,0.9,1850,153700
20240202,12:32:33,0.95,400,153700
20240202,12:32:40,0.95,50,153700
20240202,12:32:41,0.95,250,163400
20240202,12:32:43,0.95,50,163400
20240202,12:33:01,0.9,1800,163400
20240202,12:33:03,0.9,500,163400
20240202,12:33:10,0.9,1800,163400
20240202,12:33:12,0.9,450,163400
20240202,12:33:14,0.9,400,163400
20240202,12:33:15,0.95,250,163400
20240202,12:33:23,0.9,1250,163400
20240202,12:33:28,0.9,200,163400
20240202,12:33:37,0.9,400,163400
20240202,12:33:56,0.95,50,163400
20240202,12:33:59,0.9,1250,163400
20240202,12:34:01,0.9,250,163400
20240202,12:34:07,0.85,50,163400
20240202,12:34:13,0.85,300,163400
20240202,12:34:27,0.85,2250,163400
20240202,12:34:40,0.9,50,163400
20240202,12:34:45,0.9,250,163400
20240202,12:34:46,0.85,1800,163400
20240202,12:34:52,0.9,550,163400
20240202,12:34:54,0.9,50,163400
20240202,12:35:03,0.9,250,163400
20240202,12:35:07,0.85,400,163400
20240202,12:35:12,0.85,1000,163400
20240202,12:35:22,0.85,50,163400
20240202,12:35:24,0.85,50,163400
20240202,12:35:28,0.85,50,163400
20240202,12:35:50,0.85,700,168500
20240202,12:35:51,0.85,1800,168500
20240202,12:35:52,0.85,5400,168500
20240202,12:35:54,0.85,50,168500
20240202,12:36:01,0.85,50,168500
20240202,12:36:01,0.9,50,168500
20240202,12:36:03,0.85,500,168500
20240202,12:36:17,0.85,100,168500
20240202,12:36:19,0.85,50,168500
20240202,12:36:32,0.85,50,168500
20240202,12:36:34,0.85,50,168500
20240202,12:36:48,0.9,200,168500
20240202,12:36:49,0.9,400,168500
20240202,12:36:50,0.9,1000,168500
20240202,12:36:51,0.9,6650,168500
20240202,12:36:52,0.9,100,168500
20240202,12:37:01,0.9,400,168500
20240202,12:37:02,0.9,500,168500
20240202,12:37:19,0.85,50,168500
20240202,12:37:24,0.9,1650,168500
20240202,12:37:34,0.9,200,168500
20240202,12:37:44,0.9,100,168500
20240202,12:38:01,0.9,100,168500
20240202,12:38:21,0.9,250,168500
20240202,12:38:24,0.9,250,168500
20240202,12:38:47,0.85,650,161650
20240202,12:38:56,0.9,250,161650
20240202,12:39:11,0.9,150,161650
20240202,12:39:57,0.9,1800,161650
20240202,12:40:27,0.95,100,161650
20240202,12:40:28,0.95,250,161650
20240202,12:41:01,0.95,100,161650
20240202,12:41:20,0.95,100,161650
20240202,12:43:06,0.9,2900,159600
20240202,12:43:09,0.9,250,159600
20240202,12:43:25,0.9,1800,159600
20240202,12:43:27,0.9,600,159600
20240202,12:43:28,0.9,100,159600
20240202,12:43:38,0.9,1400,159600
20240202,12:43:50,0.9,50,159600
20240202,12:44:04,0.9,500,159600
20240202,12:44:07,0.9,50,159600
20240202,12:44:11,0.9,2100,159600
20240202,12:44:39,0.9,500,159600
20240202,12:44:51,0.95,100,159650
20240202,12:45:07,0.9,650,159650
20240202,12:46:43,0.9,50,159650
20240202,12:47:33,0.95,100,159650
20240202,12:48:39,0.9,250,159650
20240202,12:48:51,0.9,3600,159650
20240202,12:49:24,0.95,50,159650
20240202,12:49:40,0.9,50,159650
20240202,12:49:56,0.9,50,159650
20240202,12:50:43,0.9,50,159650
20240202,12:50:44,0.9,100,159650
20240202,12:50:49,0.9,150,159650
20240202,12:51:25,0.9,100,159650
20240202,12:52:18,0.95,50,159650
20240202,12:52:51,0.95,50,159650
20240202,12:53:05,0.95,100,159650
20240202,12:53:41,0.9,500,159650
20240202,12:53:44,0.9,50,159650
20240202,12:54:04,0.9,50,159800
20240202,12:54:15,0.9,150,159800
20240202,12:54:17,0.9,50,159800
20240202,12:54:49,0.95,100,159800
20240202,12:56:25,0.95,50,159800
20240202,12:57:20,0.95,50,159700
20240202,12:58:23,0.9,50,159700
20240202,12:58:28,0.95,50,159700
20240202,12:58:48,0.9,50,159700
20240202,13:00:30,0.9,100,159700
20240202,13:00:35,0.9,50,159700
20240202,13:02:31,0.95,50,159700
20240202,13:02:39,0.95,1800,159700
20240202,13:02:40,0.95,1800,159700
20240202,13:03:15,0.9,1300,159700
20240202,13:03:41,0.85,2100,159700
20240202,13:04:02,0.9,50,159700
20240202,13:04:22,0.9,150,159700
20240202,13:04:25,0.85,50,159700
20240202,13:05:29,0.85,250,159700
20240202,13:05:52,0.85,50,156100
20240202,13:06:14,0.85,150,156100
20240202,13:06:42,0.9,1800,156100
20240202,13:06:44,0.9,1800,156100
20240202,13:06:44,0.9,400,156100
20240202,13:06:46,0.95,5400,156100
20240202,13:06:49,0.95,1800,156100
20240202,13:07:09,0.9,50,156100
20240202,13:07:24,0.9,50,156100
20240202,13:07:39,0.95,50,156100
20240202,13:08:52,0.95,300,150550
20240202,13:10:29,0.95,50,150550
20240202,13:11:06,0.9,50,150550
20240202,13:11:21,0.9,50,150550
20240202,13:11:28,0.95,50,150550
20240202,13:11:33,0.9,50,150550
20240202,13:11:50,0.9,350,150400
20240202,13:11:52,0.9,300,150400
20240202,13:12:00,0.9,50,150400
20240202,13:12:12,0.9,50,150400
20240202,13:12:22,0.9,50,150400
20240202,13:12:50,0.9,50,150400
20240202,13:13:22,0.9,250,150400
20240202,13:13:52,0.9,250,150400
20240202,13:13:58,0.9,250,150400
20240202,13:15:22,0.9,500,148900
20240202,13:16:39,0.95,50,148900
20240202,13:17:25,0.9,100,148900
20240202,13:17:33,0.9,100,148900
20240202,13:18:11,0.95,50,148900
20240202,13:18:23,0.9,2600,148900
20240202,13:19:12,0.9,2350,148900
20240202,13:19:41,0.85,50,148900
20240202,13:21:14,0.85,250,149400
20240202,13:21:39,0.85,50,149400
20240202,13:23:10,0.9,1850,149400
20240202,13:24:11,0.85,4250,149400
20240202,13:24:46,0.85,1050,149700
20240202,13:24:58,0.85,150,149700
20240202,13:25:00,0.85,1700,149700
20240202,13:25:32,0.85,50,149700
20240202,13:27:54,0.9,200,149700
20240202,13:28:39,0.9,50,149700
20240202,13:29:03,0.85,50,149700
20240202,13:29:23,0.85,50,149700
20240202,13:30:49,0.9,50,149700
20240202,13:30:59,0.9,1800,149950
20240202,13:31:01,0.9,1800,149950
20240202,13:31:02,0.9,50,149950
20240202,13:31:02,0.9,1800,149950
20240202,13:31:03,0.9,1800,149950
20240202,13:31:05,0.9,1800,149950
20240202,13:31:06,0.9,50,149950
20240202,13:31:07,0.9,2700,149950
20240202,13:31:08,0.9,1550,149950
20240202,13:31:10,0.9,100,149950
20240202,13:32:38,0.9,4400,149950
20240202,13:32:39,0.9,50,149950
20240202,13:32:52,0.9,50,148800
20240202,13:32:59,0.9,50,148800
20240202,13:33:00,0.9,50,148800
20240202,13:33:03,0.9,50,148800
20240202,13:33:28,0.9,450,148800
20240202,13:33:29,0.9,300,148800
20240202,13:34:24,0.9,450,148800
20240202,13:35:53,0.9,50,148800
20240202,13:35:56,0.9,50,149000
20240202,13:35:56,0.9,450,149000
20240202,13:36:49,0.95,50,149000
20240202,13:37:34,0.95,50,149000
20240202,13:37:37,0.95,50,149000
20240202,13:38:20,0.95,50,149000
20240202,13:38:34,0.9,6300,149000
20240202,13:38:41,0.9,50,149000
20240202,13:38:43,0.9,50,149000
20240202,13:38:54,0.85,650,149250
20240202,13:38:56,0.85,500,149250
20240202,13:39:12,0.9,50,149250
20240202,13:39:21,0.85,550,149250
20240202,13:39:30,0.85,50,149250
20240202,13:40:17,0.85,50,149250
20240202,13:40:25,0.85,250,149250
20240202,13:40:51,0.85,3700,149250
20240202,13:40:56,0.85,400,149250
20240202,13:40:58,0.85,300,149250
20240202,13:41:58,0.85,100,149250
20240202,13:42:44,0.85,50,149250
20240202,13:43:08,0.85,200,149250
20240202,13:43:33,0.9,100,149250
20240202,13:43:46,0.9,50,149250
20240202,13:43:58,0.85,50,149250
20240202,13:46:42,0.85,50,149250
20240202,13:46:45,0.9,50,149250
20240202,13:47:24,0.9,50,149250
20240202,13:47:27,0.9,50,149250
20240202,13:48:24,0.9,50,149250
20240202,13:52:02,0.85,150,149250
20240202,13:53:27,0.85,50,149250
20240202,13:54:05,0.9,50,149250
20240202,13:54:16,0.85,50,149250
20240202,13:54:21,0.85,250,149250
20240202,13:54:26,0.9,50,149250
20240202,13:54:29,0.9,500,149250
20240202,13:55:21,0.9,50,149250
20240202,13:55:46,0.9,100,149250
20240202,13:56:49,0.85,900,149250
20240202,13:57:11,0.85,50,149250
20240202,14:00:08,0.85,2100,149250
20240202,14:03:00,0.85,50,149250
20240202,14:07:05,0.9,50,149750
20240202,14:07:23,0.9,100,149750
20240202,14:07:45,0.9,50,149750
20240202,14:09:35,0.9,13300,149750
20240202,14:09:48,0.95,300,149750
20240202,14:09:58,0.9,250,149750
20240202,14:10:52,0.9,50,149750
20240202,14:11:21,0.9,600,149750
20240202,14:11:43,0.9,100,149750
20240202,14:11:47,0.95,400,149750
20240202,14:12:41,0.9,800,148700
20240202,14:13:17,0.95,50,148700
20240202,14:14:21,0.9,2950,148700
20240202,14:14:57,0.95,50,149150
20240202,14:15:52,0.95,50,149150
20240202,14:20:35,0.85,200,149150
20240202,14:21:12,0.85,400,149150
20240202,14:21:18,0.85,100,149150
20240202,14:25:39,0.9,900,149150
20240202,14:26:39,0.85,50,149150
20240202,14:27:25,0.9,50,149150
20240202,14:28:12,0.85,100,149150
20240202,14:28:54,0.85,50,149150
20240202,14:29:07,0.9,100,149150
20240202,14:32:25,0.85,50,149150
20240202,14:33:16,0.85,50,149150
20240202,14:33:55,0.85,50,149150
20240202,14:34:01,0.85,50,149150
20240202,14:34:25,0.9,200,149150
20240202,14:34:48,0.85,6600,149150
20240202,14:35:03,0.85,250,149150
20240202,14:35:06,0.85,250,149150
20240202,14:35:21,0.9,50,149150
20240202,14:35:53,0.9,150,149150
20240202,14:35:57,0.85,250,148850
20240202,14:36:14,0.85,50,148850
20240202,14:37:33,0.85,300,148850
20240202,14:37:47,0.85,100,148850
20240202,14:39:11,0.85,150,148850
20240202,14:39:42,0.85,200,148850
20240202,14:42:05,0.85,3600,148850
20240202,14:42:49,0.8,7200,148850
20240202,14:43:54,0.8,1800,148850
20240202,14:43:58,0.8,50,148850
20240202,14:44:11,0.8,1800,148850
20240202,14:44:13,0.8,3600,148850
20240202,14:44:38,0.8,1800,148850
20240202,14:44:54,0.8,650,148850
20240202,14:45:07,0.8,100,164950
20240202,14:45:11,0.8,50,164950
20240202,14:46:13,0.8,250,164950
20240202,14:46:43,0.8,350,164950
20240202,14:46:45,0.8,1800,164950
20240202,14:46:49,0.8,50,164950
20240202,14:46:50,0.8,200,164950
20240202,14:47:01,0.75,3600,164950
20240202,14:47:10,0.75,50,164950
20240202,14:47:15,0.8,50,164950
20240202,14:47:17,0.75,450,164950
20240202,14:47:27,0.8,50,164950
20240202,14:47:42,0.75,250,164950
20240202,14:47:43,0.8,250,164950
20240202,14:47:49,0.75,150,164950
20240202,14:48:00,0.75,350,166900
20240202,14:48:50,0.75,200,166900
20240202,14:49:20,0.75,4600,166900
20240202,14:50:34,0.75,2150,166900
20240202,14:50:37,0.75,9600,166900
20240202,14:50:37,0.75,350,166900
20240202,14:50:38,0.75,250,166900
20240202,14:50:52,0.7,3600,166900
20240202,14:51:11,0.7,3600,172050
20240202,14:51:42,0.7,50,172050
20240202,14:51:49,0.7,900,172050
20240202,14:51:59,0.7,250,172050
20240202,14:52:13,0.75,150,172050
20240202,14:52:32,0.7,100,172050
20240202,14:52:40,0.7,200,172050
20240202,14:52:52,0.75,50,172050
20240202,14:52:54,0.7,1800,172050
20240202,14:54:41,0.7,350,177450
20240202,14:55:01,0.75,50,177450
20240202,14:55:04,0.7,1850,177450
20240202,14:55:06,0.7,1800,177450
20240202,14:55:17,0.7,750,177450
20240202,14:55:40,0.75,50,177450
20240202,14:56:54,0.75,550,177450
20240202,14:57:08,0.75,50,181050
20240202,14:57:19,0.7,550,181050
20240202,14:57:26,0.75,300,181050
20240202,14:58:30,0.7,200,181050
20240202,14:58:57,0.7,2050,181050
20240202,14:58:58,0.7,250,181050
20240202,14:58:59,0.7,50,181050
20240202,14:59:00,0.7,1800,181050
20240202,14:59:20,0.75,100,181050
20240202,15:00:06,0.7,50,181050
20240202,15:00:07,0.7,1800,184200
20240202,15:00:15,0.7,1800,184200
20240202,15:00:16,0.7,1750,184200
20240202,15:00:16,0.7,1800,184200
20240202,15:00:18,0.7,200,184200
20240202,15:00:20,0.7,1800,184200
20240202,15:00:21,0.7,9300,184200
20240202,15:00:22,0.7,1100,184200
20240202,15:00:26,0.7,900,184200
20240202,15:00:27,0.7,3600,184200
20240202,15:00:49,0.7,300,184200
20240202,15:00:50,0.7,1000,184200
20240202,15:00:55,0.7,250,184200
20240202,15:01:05,0.7,450,184200
20240202,15:01:22,0.7,400,184200
20240202,15:01:58,0.65,50,184200
20240202,15:02:00,0.65,100,184200
20240202,15:02:19,0.65,1750,184200
20240202,15:02:22,0.7,250,184200
20240202,15:03:25,0.7,100,184200
20240202,15:06:21,0.7,200,188050
20240202,15:06:25,0.7,200,188050
20240202,15:06:46,0.7,250,188050
20240202,15:07:26,0.75,100,188050
20240202,15:12:13,0.7,500,187300
20240202,15:13:07,0.7,300,187300
20240202,15:14:29,0.7,50,187300
20240202,15:15:22,0.7,50,186450
20240202,15:15:50,0.7,300,186450
20240202,15:15:55,0.7,150,186450
20240202,15:17:09,0.7,50,186450
20240202,15:17:29,0.7,100,186450
20240202,15:19:12,0.7,1800,186000
20240202,15:19:57,0.7,150,186000
20240202,15:20:01,0.75,100,186000
20240202,15:20:17,0.7,1800,186000
20240202,15:21:20,0.7,500,186000
20240202,15:22:05,0.7,1350,189500
20240202,15:22:08,0.65,150,189500
20240202,15:22:12,0.7,100,189500
20240202,15:22:14,0.7,50,189500
20240202,15:22:20,0.65,50,189500
20240202,15:22:21,0.65,900,189500
20240202,15:22:22,0.65,500,189500
20240202,15:22:23,0.65,250,189500
20240202,15:22:24,0.65,50,189500
20240202,15:22:25,0.65,500,189500
20240202,15:22:27,0.65,2050,189500
20240202,15:22:31,0.65,450,189500
20240202,15:22:32,0.65,50,189500
20240202,15:22:39,0.65,1800,189500
20240202,15:24:08,0.65,100,191250
20240202,15:24:33,0.65,50,191250
20240202,15:24:43,0.65,200,191250
20240202,15:24:57,0.65,100,191250
20240202,15:25:15,0.65,50,191250
20240202,15:25:33,0.65,12300,191250
20240202,15:25:42,0.7,1000,191250
20240202,15:25:42,0.65,100,191250
20240202,15:25:45,0.65,50,191250
20240202,15:25:46,0.65,50,191250
20240202,15:26:14,0.65,50,191250
20240202,15:26:36,0.65,5350,191250
20240202,15:26:43,0.65,1800,191250
20240202,15:27:28,0.7,1800,193050
20240202,15:27:28,0.65,50,193050
20240202,15:27:29,0.7,1800,193050
20240202,15:27:30,0.7,850,193050
20240202,15:27:46,0.65,3600,193050
20240202,15:28:07,0.65,50,193050
20240202,15:28:18,0.65,50,193050
20240202,15:28:25,0.65,50,193050
20240202,15:28:54,0.65,1800,193050
20240202,15:28:59,0.65,50,193050
20240202,15:29:54,0.65,200,193050
20240205,09:15:04,0.7,1,195100
20240205,09:15:04,0.7,150,195100
20240205,09:15:05,0.65,150,195100
20240205,09:15:06,0.65,6000,195100
20240205,09:15:07,0.7,100,195100
20240205,09:15:09,0.7,100,195100
20240205,09:15:10,0.7,2650,195100
20240205,09:15:11,0.7,1100,195100
20240205,09:15:13,0.7,50,195100
20240205,09:15:22,0.7,3600,195100
20240205,09:15:24,0.7,1600,195100
20240205,09:15:31,0.7,1600,195100
20240205,09:15:34,0.7,150,195100
20240205,09:15:49,0.75,1100,195100
20240205,09:15:53,0.75,50,195100
20240205,09:15:58,0.7,50,195100
20240205,09:15:59,0.7,1500,195100
20240205,09:16:04,0.7,2500,195100
20240205,09:16:06,0.65,1500,195100
20240205,09:16:33,0.7,550,206050
20240205,09:17:26,0.65,150,206050
20240205,09:17:35,0.7,50,206050
20240205,09:17:41,0.7,50,206050
20240205,09:17:47,0.7,50,206050
20240205,09:17:54,0.7,50,206050
20240205,09:17:57,0.7,300,206050
20240205,09:18:34,0.7,50,206050
20240205,09:18:53,0.65,50,206050
20240205,09:19:06,0.65,50,206050
20240205,09:19:40,0.7,50,205850
20240205,09:19:41,0.65,100,205850
20240205,09:20:05,0.65,250,205850
20240205,09:20:05,0.65,200,205850
20240205,09:20:12,0.6,1000,205850
20240205,09:20:19,0.6,950,205850
20240205,09:20:23,0.65,1800,205850
20240205,09:20:27,0.65,6200,205850
20240205,09:20:39,0.7,100,205850
20240205,09:20:51,0.7,50,205850
20240205,09:20:56,0.7,400,205850
20240205,09:21:09,0.7,50,205850
20240205,09:21:18,0.7,1000,205850
20240205,09:21:26,0.7,200,205850
20240205,09:21:27,0.7,150,205850
20240205,09:21:51,0.7,50,205850
20240205,09:22:02,0.65,50,205850
20240205,09:22:08,0.65,150,205850
20240205,09:22:16,0.7,200,205850
20240205,09:22:22,0.7,150,198300
20240205,09:22:25,0.65,150,198300
20240205,09:22:42,0.7,50,198300
20240205,09:23:01,0.65,400,198300
20240205,09:23:12,0.7,50,198300
20240205,09:23:46,0.7,100,198300
20240205,09:23:53,0.7,50,198300
20240205,09:24:35,0.7,500,198300
20240205,09:24:37,0.7,150,198300
20240205,09:24:55,0.7,1100,198300
20240205,09:25:03,0.65,50,198300
20240205,09:25:14,0.7,50,198300
20240205,09:25:16,0.7,50,197700
20240205,09:25:38,0.65,500,197700
20240205,09:26:18,0.65,1000,197700
20240205,09:27:11,0.7,50,197700
20240205,09:27:13,0.65,50,197700
20240205,09:27:26,0.7,50,197700
20240205,09:27:35,0.7,100,197700
20240205,09:27:39,0.65,50,197700
20240205,09:28:01,0.7,50,197700
20240205,09:28:24,0.7,250,197700
20240205,09:28:27,0.7,50,196100
20240205,09:28:58,0.7,1700,196100
20240205,09:29:01,0.65,50,196100
20240205,09:29:08,0.65,150,196100
20240205,09:29:26,0.65,150,196100
20240205,09:29:49,0.65,400,196100
20240205,09:30:18,0.7,50,196100
20240205,09:30:28,0.65,100,196100
20240205,09:31:23,0.65,100,195750
20240205,09:31:47,0.7,500,195750
20240205,09:32:19,0.65,1000,195750
20240205,09:32:21,0.7,50,195750
20240205,09:32:22,0.7,200,195750
20240205,09:32:33,0.7,1000,195750
20240205,09:33:07,0.7,50,195750
20240205,09:33:15,0.65,1800,195750
20240205,09:33:21,0.65,250,195750
20240205,09:33:29,0.65,150,195750
20240205,09:33:48,0.65,500,195750
20240205,09:34:22,0.65,50,195750
20240205,09:35:27,0.6,50,195750
20240205,09:35:45,0.65,50,195750
20240205,09:37:13,0.6,50,195750
20240205,09:37:16,0.6,100,195750
20240205,09:38:16,0.6,50,195750
20240205,09:38:41,0.65,50,195750
20240205,09:39:02,0.65,50,195750
20240205,09:39:19,0.6,100,195750
20240205,09:39:32,0.6,50,195750
20240205,09:41:25,0.65,750,195750
20240205,09:41:41,0.65,150,195750
20240205,09:42:03,0.65,150,195750
20240205,09:42:27,0.65,150,195750
20240205,09:42:29,0.65,150,195750
20240205,09:42:30,0.65,150,195750
20240205,09:42:45,0.65,150,195750
20240205,09:42:46,0.65,300,195750
20240205,09:44:37,0.65,150,196500
20240205,09:44:44,0.65,150,196500
20240205,09:44:46,0.65,450,196500
20240205,09:45:29,0.65,300,196500
20240205,09:45:31,0.65,150,196500
20240205,09:45:36,0.65,300,196500
20240205,09:45:57,0.6,50,196500
20240205,09:46:25,0.65,300,196500
20240205,09:46:29,0.65,50,196500
20240205,09:46:34,0.65,150,196500
20240205,09:46:35,0.65,300,196500
20240205,09:46:40,0.65,300,196500
20240205,09:46:43,0.65,300,196500
20240205,09:47:41,0.65,150,196500
20240205,09:47:42,0.65,450,196500
20240205,09:47:52,0.65,300,196500
20240205,09:48:02,0.65,150,196500
20240205,09:48:05,0.6,100,196500
20240205,09:48:42,0.6,100,196500
20240205,09:49:03,0.6,150,196500
20240205,09:49:26,0.65,50,196500
20240205,09:49:40,0.65,50,196500
20240205,09:50:23,0.65,50,196500
20240205,09:50:38,0.65,50,196500
20240205,09:50:53,0.65,1000,196500
20240205,09:51:29,0.6,250,196500
20240205,09:52:02,0.6,50,196500
20240205,09:52:15,0.6,50,196500
20240205,09:52:18,0.65,50,196500
20240205,09:52:21,0.65,50,196500
20240205,09:52:38,0.6,50,196500
20240205,09:52:56,0.65,50,196500
20240205,09:53:03,0.65,50,196500
20240205,09:53:17,0.6,50,196500
20240205,09:53:19,0.65,900,196500
20240205,09:53:21,0.6,50,196500
20240205,09:53:39,0.65,1800,196500
20240205,09:53:41,0.65,3600,196500
20240205,09:53:42,0.65,2500,196500
20240205,09:53:42,0.65,400,196500
20240205,09:53:59,0.65,400,196500
20240205,09:55:02,0.7,50,196500
20240205,09:55:13,0.65,3600,196500
20240205,09:55:13,0.65,50,196500
20240205,09:55:14,0.65,100,196500
20240205,09:55:17,0.65,50,196000
20240205,09:55:25,0.65,50,196000
20240205,09:55:31,0.65,50,196000
20240205,09:55:41,0.6,50,196000
20240205,09:56:40,0.65,50,196000
20240205,09:56:54,0.65,50,196000
20240205,09:57:04,0.6,200,196000
20240205,09:58:27,0.6,50,196100
20240205,09:58:35,0.65,50,196100
20240205,09:59:12,0.6,50,196100
20240205,09:59:30,0.6,500,196100
20240205,10:00:01,0.6,50,196100
20240205,10:00:38,0.65,50,196100
20240205,10:01:33,0.6,50,195900
20240205,10:03:00,0.65,450,195900
20240205,10:03:01,0.6,1800,195900
20240205,10:03:09,0.6,1500,195900
20240205,10:03:57,0.55,500,195900
20240205,10:04:09,0.55,50,195900
20240205,10:04:22,0.55,50,196650
20240205,10:04:33,0.55,50,196650
20240205,10:04:55,0.55,50,196650
20240205,10:05:01,0.55,50,196650
20240205,10:06:04,0.55,50,196650
20240205,10:07:48,0.65,50,196700
20240205,10:07:50,0.65,50,196700
20240205,10:07:52,0.65,50,196700
20240205,10:09:15,0.55,50,196700
20240205,10:09:23,0.55,50,196700
20240205,10:10:44,0.65,150,196700
20240205,10:11:53,0.65,100,196700
20240205,10:13:45,0.6,100,196700
20240205,10:13:46,0.6,50,196700
20240205,10:13:48,0.65,50,196700
20240205,10:13:51,0.6,50,196700
20240205,10:14:41,0.55,1850,196700
20240205,10:14:56,0.6,500,196700
20240205,10:15:40,0.6,50,196700
20240205,10:17:09,0.6,50,196700
20240205,10:18:03,0.6,50,198300
20240205,10:18:38,0.6,50,198300
20240205,10:19:08,0.55,1800,198300
20240205,10:19:22,0.55,1800,200100
20240205,10:19:35,0.6,50,200100
20240205,10:20:04,0.55,1800,200100
20240205,10:20:13,0.55,300,200100
20240205,10:20:35,0.55,150,200100
20240205,10:20:38,0.55,3600,200100
20240205,10:21:06,0.55,300,200100
20240205,10:21:13,0.55,250,200100
20240205,10:21:14,0.55,1800,200100
20240205,10:21:16,0.55,1800,200100
20240205,10:21:17,0.55,1800,200100
20240205,10:21:18,0.55,800,200100
20240205,10:21:45,0.5,50,200100
20240205,10:22:28,0.5,50,200100
20240205,10:22:49,0.5,50,202950
20240205,10:23:07,0.5,1800,202950
20240205,10:23:08,0.5,7200,202950
20240205,10:23:09,0.5,7200,202950
20240205,10:23:10,0.5,3700,202950
20240205,10:23:13,0.5,700,202950
20240205,10:24:16,0.5,1800,202950
20240205,10:24:17,0.5,1800,202950
20240205,10:24:19,0.5,400,202950
20240205,10:24:28,0.5,50,202950
20240205,10:24:29,0.45,50,202950
20240205,10:24:31,0.45,650,202950
20240205,10:24:39,0.5,1100,202950
20240205,10:24:41,0.5,50,202950
20240205,10:24:52,0.45,50,202950
20240205,10:26:43,0.5,250,202950
20240205,10:27:04,0.5,2300,201150
20240205,10:27:19,0.5,450,201150
20240205,10:27:24,0.5,150,201150
20240205,10:28:11,0.5,50,201150
20240205,10:30:05,0.5,600,201150
20240205,10:32:37,0.45,50,201150
20240205,10:32:53,0.5,150,201150
20240205,10:33:03,0.5,50,201150
20240205,10:33:04,0.45,50,201150
20240205,10:33:08,0.5,100,201150
20240205,10:33:10,0.5,150,201150
20240205,10:33:12,0.5,950,201150
20240205,10:33:14,0.5,850,201150
20240205,10:33:15,0.5,500,201150
20240205,10:33:16,0.5,950,201150
20240205,10:33:23,0.5,1800,201150
20240205,10:33:26,0.5,1800,201150
20240205,10:33:27,0.5,1800,201150
20240205,10:33:28,0.5,4300,201150
20240205,10:33:29,0.5,700,201150
20240205,10:33:31,0.55,200,201150
20240205,10:33:43,0.55,100,201150
20240205,10:34:30,0.55,50,201150
20240205,10:34:52,0.55,50,203050
20240205,10:35:38,0.5,50,203050
20240205,10:36:31,0.5,4100,203050
20240205,10:36:36,0.5,1800,203050
20240205,10:36:37,0.5,1800,203050
20240205,10:37:04,0.5,50,203050
20240205,10:37:05,0.5,1800,203050
20240205,10:37:06,0.5,50,203050
20240205,10:37:54,0.5,50,202750
20240205,10:37:54,0.5,100,202750
20240205,10:37:55,0.5,50,202750
20240205,10:37:57,0.5,50,202750
20240205,10:38:27,0.5,50,202750
20240205,10:38:30,0.5,50,202750
20240205,10:38:38,0.5,50,202750
20240205,10:38:47,0.5,50,202750
20240205,10:39:15,0.5,1800,202750
20240205,10:39:16,0.5,400,202750
20240205,10:39:17,0.55,50,202750
20240205,10:39:30,0.55,50,202750
20240205,10:39:36,0.5,400,202750
20240205,10:40:37,0.55,50,202450
20240205,10:42:54,0.5,50,202450
20240205,10:43:51,0.55,50,202450
20240205,10:43:58,0.55,50,202450
20240205,10:44:01,0.5,50,202450
20240205,10:45:07,0.5,50,202450
20240205,10:45:10,0.55,50,202450
20240205,10:45:11,0.55,50,202450
20240205,10:45:16,0.55,500,202450
20240205,10:45:31,0.55,50,202450
20240205,10:46:17,0.55,50,202450
20240205,10:46:18,0.55,50,202450
20240205,10:46:20,0.55,50,202450
20240205,10:47:18,0.55,50,202450
20240205,10:49:08,0.5,100,203250
20240205,10:49:08,0.5,1100,203250
20240205,10:50:13,0.5,50,203250
20240205,10:51:50,0.5,300,202100
20240205,10:52:06,0.5,50,202100
20240205,10:53:07,0.5,50,201700
20240205,10:54:14,0.55,50,201700
20240205,10:54:17,0.5,100,201700
20240205,10:55:22,0.55,1800,201700
20240205,10:55:24,0.55,1800,201700
20240205,10:55:25,0.55,1800,201700
20240205,10:55:26,0.55,1800,201600
20240205,10:55:27,0.55,1800,201600
20240205,10:55:28,0.55,1800,201600
20240205,10:55:29,0.55,1800,201600
20240205,10:55:30,0.55,1800,201600
20240205,10:55:31,0.55,1800,201600
20240205,10:55:32,0.55,1800,201600
20240205,10:55:33,0.55,3600,201600
20240205,10:55:34,0.55,2750,201600
20240205,10:55:36,0.55,50,201600
20240205,10:55:39,0.55,50,201600
20240205,10:55:40,0.55,500,201600
20240205,10:55:44,0.55,50,201600
20240205,10:58:18,0.55,50,201600
20240205,10:59:06,0.55,50,201600
20240205,10:59:11,0.55,50,205550
20240205,11:00:41,0.55,1150,205550
20240205,11:01:27,0.55,50,205550
20240205,11:05:06,0.55,250,205500
20240205,11:05:46,0.55,1800,205500
20240205,11:05:47,0.55,1800,205500
20240205,11:05:48,0.55,4300,205500
20240205,11:05:51,0.55,200,205500
20240205,11:07:02,0.55,250,205500
20240205,11:07:10,0.55,250,205500
20240205,11:08:04,0.6,50,204550
20240205,11:08:07,0.6,50,204550
20240205,11:08:23,0.55,50,204550
20240205,11:09:08,0.6,50,204550
20240205,11:13:01,0.55,50,204550
20240205,11:13:15,0.6,700,204550
20240205,11:13:15,0.6,1800,204550
20240205,11:13:49,0.6,1800,204550
20240205,11:13:50,0.6,1800,205750
20240205,11:13:52,0.6,1800,205750
20240205,11:13:54,0.6,1800,205750
20240205,11:13:55,0.6,1800,205750
20240205,11:13:56,0.6,1800,205750
20240205,11:13:57,0.6,2500,205750
20240205,11:14:27,0.6,2200,205750
20240205,11:14:52,0.6,50,205750
20240205,11:14:57,0.65,50,205750
20240205,11:15:20,0.65,250,205750
20240205,11:15:33,0.65,50,205750
20240205,11:16:50,0.65,50,205750
20240205,11:17:23,0.6,700,205750
20240205,11:17:56,0.65,50,205750
20240205,11:18:24,0.6,150,205750
20240205,11:18:30,0.6,50,205750
20240205,11:19:33,0.65,1800,205750
20240205,11:19:46,0.6,200,205650
20240205,11:20:31,0.6,50,205650
20240205,11:20:55,0.65,50,205650
20240205,11:21:00,0.6,1500,205650
20240205,11:21:04,0.6,1450,205650
20240205,11:21:07,0.55,50,205650
20240205,11:21:25,0.6,50,205650
20240205,11:23:25,0.6,150,205650
20240205,11:23:52,0.6,600,207150
20240205,11:24:06,0.6,250,207150
20240205,11:24:45,0.6,50,207150
20240205,11:24:46,0.6,100,207150
20240205,11:24:48,0.6,200,207150
20240205,11:27:11,0.55,50,207150
20240205,11:29:56,0.55,50,207250
20240205,11:30:03,0.55,50,207250
20240205,11:31:24,0.6,50,207250
20240205,11:35:17,0.6,5400,207250
20240205,11:35:24,0.6,1800,207350
20240205,11:35:52,0.55,800,207350
20240205,11:35:53,0.6,150,207350
20240205,11:36:12,0.6,50,207350
20240205,11:37:59,0.55,300,205350
20240205,11:38:48,0.65,50,205350
20240205,11:39:53,0.65,50,205350
20240205,11:42:10,0.65,50,205350
20240205,11:43:00,0.6,1400,205250
20240205,11:43:01,0.6,50,205250
20240205,11:43:02,0.6,50,205250
20240205,11:43:03,0.6,50,205250
20240205,11:43:06,0.6,50,205250
20240205,11:43:19,0.6,1000,205250
20240205,11:43:23,0.6,100,205250
20240205,11:43:28,0.6,250,205250
20240205,11:43:32,0.65,1800,205250
20240205,11:43:33,0.65,1800,203900
20240205,11:44:26,0.65,100,203900
20240205,11:45:52,0.65,50,203900
20240205,11:46:02,0.65,50,203900
20240205,11:46:34,0.6,2000,200800
20240205,11:48:57,0.65,50,200800
20240205,11:50:01,0.6,50,199400
20240205,11:50:01,0.55,50,199400
20240205,11:50:03,0.55,50,199400
20240205,11:50:42,0.55,250,199400
20240205,11:52:13,0.6,2800,199400
20240205,11:52:28,0.65,50,199400
20240205,11:52:52,0.55,150,200950
20240205,11:53:01,0.65,50,200950
20240205,11:56:09,0.65,50,200800
20240205,11:57:05,0.6,250,200800
20240205,11:58:00,0.6,450,200800
20240205,11:59:03,0.6,1800,200800
20240205,11:59:11,0.6,100,200100
20240205,11:59:30,0.6,100,200100
20240205,11:59:58,0.65,50,200100
20240205,12:01:16,0.65,100,200100
20240205,12:01:17,0.65,100,200100
20240205,12:01:18,0.65,150,200100
20240205,12:01:19,0.65,50,200100
20240205,12:03:41,0.6,250,198150
20240205,12:03:59,0.6,250,198150
20240205,12:04:08,0.6,250,198150
20240205,12:05:05,0.6,250,198150
20240205,12:06:46,0.65,50,198150
20240205,12:06:47,0.65,50,198150
20240205,12:06:48,0.65,100,198150
20240205,12:06:49,0.65,50,198150
20240205,12:06:50,0.65,100,198150
20240205,12:06:51,0.65,100,198150
20240205,12:07:20,0.6,50,198150
20240205,12:07:42,0.6,250,198150
20240205,12:10:08,0.65,50,198150
20240205,12:10:57,0.6,50,198150
20240205,12:12:32,0.65,50,198150
20240205,12:12:43,0.6,350,198150
20240205,12:13:24,0.65,50,198150
20240205,12:15:06,0.6,50,198100
20240205,12:15:46,0.65,50,198100
20240205,12:17:40,0.65,1800,198100
20240205,12:17:57,0.65,2500,198100
20240205,12:17:58,0.65,500,198100
20240205,12:18:00,0.65,150,198100
20240205,12:19:15,0.65,50,198100
20240205,12:19:43,0.65,50,195700
20240205,12:20:01,0.6,50,195700
20240205,12:20:04,0.65,1350,195700
20240205,12:20:05,0.65,50,195700
20240205,12:20:43,0.65,500,195700
20240205,12:21:24,0.7,2600,195700
20240205,12:21:49,0.7,50,195700
20240205,12:22:01,0.7,50,195700
20240205,12:22:30,0.7,950,195700
20240205,12:22:47,0.7,50,195700
20240205,12:23:02,0.7,50,195300
20240205,12:23:51,0.65,50,195300
20240205,12:24:26,0.65,1800,195300
20240205,12:24:28,0.65,1800,195300
20240205,12:24:29,0.65,1800,195300
20240205,12:24:30,0.65,50,195300
20240205,12:24:33,0.65,50,195300
20240205,12:24:45,0.65,50,195300
20240205,12:24:46,0.65,150,195300
20240205,12:25:57,0.6,100,190150
20240205,12:26:13,0.65,200,190150
20240205,12:28:10,0.65,50,190150
20240205,12:28:11,0.65,50,190150
20240205,12:28:12,0.65,100,190150
20240205,12:28:13,0.65,100,190150
20240205,12:28:14,0.65,100,190150
20240205,12:28:15,0.65,50,190150
20240205,12:28:16,0.65,100,190150
20240205,12:28:17,0.65,100,190150
20240205,12:28:18,0.65,100,190150
20240205,12:28:19,0.65,50,190150
20240205,12:28:20,0.65,100,190150
20240205,12:28:21,0.65,100,190150
20240205,12:28:22,0.65,100,190150
20240205,12:28:23,0.65,100,190150
20240205,12:28:24,0.65,100,190150
20240205,12:28:25,0.65,50,190150
20240205,12:28:26,0.65,300,190150
20240205,12:28:27,0.65,50,190150
20240205,12:28:30,0.65,50,190150
20240205,12:28:34,0.65,50,190150
20240205,12:28:44,0.65,50,191500
20240205,12:28:46,0.65,50,191500
20240205,12:29:10,0.65,1800,191500
20240205,12:31:39,0.65,250,191500
20240205,12:33:54,0.65,50,193250
20240205,12:34:27,0.6,1800,193250
20240205,12:34:28,0.6,1800,193250
20240205,12:34:30,0.6,1800,193250
20240205,12:34:31,0.6,1800,193250
20240205,12:34:32,0.6,1800,193250
20240205,12:34:33,0.6,1700,193250
20240205,12:36:55,0.6,150,193250
20240205,12:37:51,0.55,50,186500
20240205,12:39:51,0.6,150,186500
20240205,12:39:57,0.6,50,186500
20240205,12:42:32,0.6,50,186500
20240205,12:42:35,0.6,50,186500
20240205,12:42:37,0.6,50,186500
20240205,12:42:56,0.6,1800,186500
20240205,12:42:57,0.55,50,186500
20240205,12:42:58,0.6,1900,186500
20240205,12:43:01,0.6,50,186500
20240205,12:43:10,0.6,50,186500
20240205,12:43:42,0.6,50,188200
20240205,12:43:50,0.6,100,188200
20240205,12:44:01,0.6,50,188200
20240205,12:44:41,0.6,50,188200
20240205,12:44:51,0.6,250,188200
20240205,12:45:40,0.6,50,188200
20240205,12:45:56,0.6,250,188200
20240205,12:46:05,0.6,50,188200
20240205,12:46:07,0.55,50,188200
20240205,12:46:18,0.6,50,188200
20240205,12:46:33,0.55,50,188200
20240205,12:48:00,0.6,50,188200
20240205,12:48:02,0.6,50,188250
20240205,12:48:03,0.6,1800,188250
20240205,12:48:03,0.6,7200,188250
20240205,12:48:14,0.6,500,188250
20240205,12:50:00,0.6,100,189250
20240205,12:50:34,0.55,50,189250
20240205,12:50:49,0.6,50,189250
20240205,12:51:12,0.6,150,189250
20240205,12:51:49,0.6,500,189250
20240205,12:52:22,0.6,50,189250
20240205,12:52:25,0.55,50,189250
20240205,12:52:40,0.6,1350,189250
20240205,12:53:10,0.6,50,189250
20240205,12:55:05,0.55,50,189250
20240205,12:55:49,0.6,500,189250
20240205,12:56:20,0.6,100,189250
20240205,13:02:16,0.6,50,189250
20240205,13:02:24,0.6,50,189250
20240205,13:02:26,0.6,500,189250
20240205,13:02:28,0.6,200,189250
20240205,13:02:29,0.6,50,189250
20240205,13:02:38,0.6,100,189250
20240205,13:03:08,0.6,150,189250
20240205,13:03:30,0.6,300,189250
20240205,13:03:36,0.6,1800,189250
20240205,13:03:46,0.6,50,189250
20240205,13:04:05,0.6,1800,189250
20240205,13:04:19,0.65,50,189250
20240205,13:04:23,0.65,50,189250
20240205,13:04:24,0.65,50,189250
20240205,13:04:25,0.65,50,189250
20240205,13:04:45,0.65,50,186800
20240205,13:05:30,0.6,50,186800
20240205,13:05:48,0.6,50,186800
20240205,13:05:49,0.6,50,186800
20240205,13:05:50,0.6,50,186800
20240205,13:08:00,0.6,50,186800
20240205,13:08:23,0.55,50,186850
20240205,13:08:36,0.6,400,186850
20240205,13:12:52,0.6,250,186850
20240205,13:13:12,0.6,50,186850
20240205,13:13:20,0.6,500,186850
20240205,13:13:24,0.6,50,186850
20240205,13:15:20,0.6,500,186350
20240205,13:15:48,0.55,100,186350
20240205,13:15:50,0.6,50,186350
20240205,13:15:52,0.6,700,186350
20240205,13:16:03,0.6,50,186350
20240205,13:16:50,0.55,50,186350
20240205,13:18:26,0.55,750,185900
20240205,13:18:30,0.55,50,185900
20240205,13:19:53,0.55,50,185900
20240205,13:21:06,0.55,150,185900
20240205,13:21:08,0.55,150,185900
20240205,13:23:07,0.6,50,185900
20240205,13:24:03,0.6,50,185900
20240205,13:27:53,0.55,1000,185900
20240205,13:29:04,0.6,150,185900
20240205,13:29:11,0.6,250,185900
20240205,13:30:41,0.6,650,185900
20240205,13:30:42,0.6,50,185900
20240205,13:30:56,0.6,100,185900
20240205,13:31:32,0.6,50,185900
20240205,13:31:38,0.6,100,185900
20240205,13:31:39,0.6,250,185900
20240205,13:36:09,0.6,50,185900
20240205,13:43:15,0.55,100,185900
20240205,13:48:14,0.55,50,185900
20240205,13:48:48,0.55,50,185900
20240205,13:49:23,0.55,50,185900
20240205,13:50:45,0.55,50,185900
20240205,13:54:35,0.55,350,185900
20240205,13:56:57,0.55,300,185900
20240205,13:57:57,0.55,350,185900
20240205,14:02:08,0.6,1450,185900
20240205,14:02:15,0.6,1200,185900
20240205,14:02:46,0.6,50,185900
20240205,14:02:47,0.6,400,185900
20240205,14:02:49,0.6,1800,185900
20240205,14:02:51,0.6,1800,185900
20240205,14:02:52,0.6,3600,185900
20240205,14:02:57,0.6,1800,185900
20240205,14:02:58,0.6,1800,185900
20240205,14:02:59,0.6,400,185900
20240205,14:03:07,0.6,150,185900
20240205,14:03:23,0.6,450,185900
20240205,14:03:37,0.6,150,185900
20240205,14:03:55,0.6,100,185900
20240205,14:05:37,0.6,150,185900
20240205,14:05:48,0.55,50,188400
20240205,14:05:51,0.6,500,188400
20240205,14:06:07,0.6,150,188400
20240205,14:06:45,0.6,100,188400
20240205,14:06:46,0.6,850,188400
20240205,14:07:00,0.6,50,188400
20240205,14:07:07,0.6,350,188400
20240205,14:07:10,0.6,250,188400
20240205,14:07:11,0.6,350,188400
20240205,14:07:11,0.6,50,188400
20240205,14:08:27,0.55,50,188400
20240205,14:09:17,0.55,250,188500
20240205,14:09:47,0.6,500,188500
20240205,14:09:47,0.55,50,188500
20240205,14:11:35,0.6,50,188500
20240205,14:11:48,0.6,50,188500
20240205,14:11:49,0.6,50,188500
20240205,14:12:20,0.55,50,188500
20240205,14:12:28,0.6,700,188500
20240205,14:12:50,0.6,250,188500
20240205,14:13:01,0.6,50,188500
20240205,14:13:37,0.6,1350,188500
20240205,14:13:43,0.6,50,188500
20240205,14:14:01,0.6,100,188500
20240205,14:14:07,0.6,250,188500
20240205,14:14:17,0.6,250,188500
20240205,14:14:24,0.55,50,188500
20240205,14:14:30,0.6,50,188500
20240205,14:14:58,0.6,100,188500
20240205,14:15:07,0.6,300,188500
20240205,14:15:27,0.6,900,188500
20240205,14:15:42,0.6,1000,188500
20240205,14:15:54,0.55,50,188500
20240205,14:16:43,0.6,50,188500
20240205,14:16:57,0.55,50,188500
20240205,14:17:07,0.6,1400,189400
20240205,14:17:12,0.6,650,189400
20240205,14:17:21,0.6,900,189400
20240205,14:17:37,0.6,1700,189400
20240205,14:18:07,0.6,1500,189400
20240205,14:18:11,0.6,1800,189400
20240205,14:18:37,0.6,500,189400
20240205,14:18:46,0.6,50,189400
20240205,14:18:49,0.6,400,189400
20240205,14:18:53,0.6,400,189400
20240205,14:18:57,0.6,400,189400
20240205,14:19:07,0.6,2300,189400
20240205,14:19:10,0.6,300,189400
20240205,14:19:40,0.65,50,189400
20240205,14:20:07,0.65,250,186200
20240205,14:20:14,0.6,50,186200
20240205,14:20:36,0.6,50,186200
20240205,14:21:09,0.65,100,186200
20240205,14:21:19,0.65,50,186200
20240205,14:21:28,0.65,300,186200
20240205,14:21:31,0.65,1800,186200
20240205,14:21:33,0.65,1800,186200
20240205,14:21:34,0.65,1800,186200
20240205,14:21:36,0.65,1800,186200
20240205,14:21:38,0.65,1800,186200
20240205,14:21:40,0.65,1800,186200
20240205,14:21:41,0.65,50,186200
20240205,14:21:43,0.65,1800,186200
20240205,14:21:44,0.65,1800,186200
20240205,14:21:45,0.7,1850,186200
20240205,14:21:53,0.7,300,186200
20240205,14:22:22,0.7,50,186200
20240205,14:22:23,0.7,400,186200
20240205,14:22:25,0.65,250,186200
20240205,14:22:40,0.65,50,186200
20240205,14:23:09,0.65,150,187700
20240205,14:23:19,0.65,300,187700
20240205,14:23:30,0.65,50,187700
20240205,14:23:55,0.65,500,187700
20240205,14:23:56,0.65,500,187700
20240205,14:23:58,0.65,250,187700
20240205,14:24:20,0.7,800,187700
20240205,14:24:40,0.7,100,187700
20240205,14:25:07,0.7,50,187700
20240205,14:25:54,0.7,550,186150
20240205,14:26:25,0.7,1800,186150
20240205,14:27:05,0.65,1800,186150
20240205,14:27:06,0.65,250,186150
20240205,14:27:23,0.65,1800,186150
20240205,14:27:24,0.65,500,186150
20240205,14:27:25,0.65,50,186150
20240205,14:27:37,0.65,400,186150
20240205,14:28:01,0.65,50,186150
20240205,14:28:02,0.65,50,186150
20240205,14:28:03,0.65,150,186150
20240205,14:28:04,0.65,150,186150
20240205,14:28:05,0.65,1950,186150
20240205,14:28:06,0.65,300,186150
20240205,14:28:08,0.7,50,186150
20240205,14:28:27,0.65,50,186150
20240205,14:28:36,0.65,100,186150
20240205,14:28:48,0.65,250,186150
20240205,14:28:50,0.65,800,186150
20240205,14:29:24,0.7,50,188000
20240205,14:29:53,0.6,50,188000
20240205,14:30:00,0.65,600,188000
20240205,14:30:40,0.6,50,188000
20240205,14:32:02,0.65,800,188000
20240205,14:33:08,0.65,250,188500
20240205,14:33:37,0.65,100,188500
20240205,14:33:40,0.6,200,188500
20240205,14:33:46,0.65,550,188500
20240205,14:33:48,0.6,450,188500
20240205,14:34:19,0.65,650,188500
20240205,14:34:20,0.65,350,188500
20240205,14:34:21,0.65,600,188500
20240205,14:34:23,0.65,900,188500
20240205,14:34:25,0.65,50,188500
20240205,14:34:31,0.65,1050,188500
20240205,14:34:32,0.65,550,188500
20240205,14:34:33,0.65,1000,188500
20240205,14:34:34,0.65,900,188500
20240205,14:34:38,0.65,250,188500
20240205,14:34:42,0.6,250,188500
20240205,14:34:45,0.6,50,188500
20240205,14:35:07,0.65,250,188550
20240205,14:35:30,0.6,250,188550
20240205,14:35:35,0.6,1000,188550
20240205,14:35:36,0.6,100,188550
20240205,14:35:41,0.6,950,188550
20240205,14:35:42,0.6,1700,188550
20240205,14:36:07,0.6,600,188550
20240205,14:36:08,0.6,100,188550
20240205,14:36:18,0.55,50,188550
20240205,14:36:41,0.55,1800,188550
20240205,14:36:42,0.55,250,188550
20240205,14:36:58,0.55,1800,188550
20240205,14:37:05,0.55,1800,188550
20240205,14:37:06,0.55,1800,188550
20240205,14:37:08,0.55,1800,188550
20240205,14:37:11,0.55,1800,188550
20240205,14:37:11,0.55,500,188550
20240205,14:37:12,0.55,1800,188550
20240205,14:37:13,0.55,2200,188550
20240205,14:38:20,0.55,250,188850
20240205,14:38:35,0.55,650,188850
20240205,14:38:41,0.55,150,188850
20240205,14:38:42,0.55,1000,188850
20240205,14:38:43,0.55,250,188850
20240205,14:38:47,0.55,1050,188850
20240205,14:38:48,0.55,1150,188850
20240205,14:38:58,0.5,350,188850
20240205,14:39:10,0.5,1850,188850
20240205,14:39:11,0.5,1800,188850
20240205,14:39:12,0.5,1800,188850
20240205,14:39:13,0.5,1800,188850
20240205,14:39:14,0.5,1800,188850
20240205,14:39:15,0.5,3500,188850
20240205,14:39:16,0.5,500,188850
20240205,14:39:22,0.5,1500,188850
20240205,14:39:25,0.5,200,188850
20240205,14:39:34,0.5,100,188850
20240205,14:39:45,0.45,1650,188850
20240205,14:39:46,0.45,550,188850
20240205,14:39:55,0.45,50,188850
20240205,14:40:08,0.5,150,188850
20240205,14:40:12,0.5,1000,188850
20240205,14:40:17,0.5,150,188850
20240205,14:40:36,0.45,1800,188850
20240205,14:41:00,0.45,50,190400
20240205,14:42:24,0.5,2050,190400
20240205,14:42:42,0.5,450,190400
20240205,14:42:52,0.45,1800,190400
20240205,14:42:53,0.5,250,190400
20240205,14:42:53,0.45,1800,190400
20240205,14:42:55,0.5,350,190400
20240205,14:42:55,0.45,1800,190400
20240205,14:42:58,0.45,2250,190400
20240205,14:43:04,0.5,50,190400
20240205,14:43:08,0.5,200,190400
20240205,14:43:15,0.45,800,190400
20240205,14:43:30,0.5,250,190400
20240205,14:43:37,0.5,100,190400
20240205,14:43:38,0.5,500,190400
20240205,14:43:45,0.45,1800,190400
20240205,14:43:56,0.45,250,190400
20240205,14:44:09,0.45,250,194000
20240205,14:44:12,0.5,50,194000
20240205,14:44:41,0.5,450,194000
20240205,14:45:07,0.5,250,194000
20240205,14:45:17,0.45,500,194000
20240205,14:45:41,0.45,50,194000
20240205,14:45:47,0.5,550,194000
20240205,14:45:57,0.5,550,194000
20240205,14:46:04,0.5,150,194000
20240205,14:46:05,0.5,50,194000
20240205,14:46:22,0.45,50,194000
20240205,14:46:23,0.45,50,194000
20240205,14:46:46,0.5,200,194000
20240205,14:47:29,0.45,350,194000
20240205,14:47:36,0.45,250,194000
20240205,14:47:41,0.45,1000,194000
20240205,14:47:48,0.5,50,194000
20240205,14:47:49,0.45,400,194000
20240205,14:47:50,0.45,250,194000
20240205,14:47:52,0.45,1050,194000
20240205,14:48:21,0.45,500,194000
20240205,14:48:45,0.45,500,194000
20240205,14:49:44,0.45,350,194000
20240205,14:50:36,0.45,3600,195200
20240205,14:52:04,0.5,1800,195200
20240205,14:53:02,0.5,500,195200
20240205,14:53:25,0.5,300,195200
20240205,14:53:27,0.5,5400,195200
20240205,14:53:29,0.5,500,195200
20240205,14:53:38,0.5,150,195200
20240205,14:53:46,0.5,100,195200
20240205,14:54:20,0.5,4100,195200
20240205,14:54:30,0.5,100,195200
20240205,14:54:31,0.5,200,195200
20240205,14:54:32,0.5,1100,195200
20240205,14:54:36,0.5,1800,195200
20240205,14:54:38,0.5,450,195200
20240205,14:55:02,0.5,250,195200
20240205,14:55:09,0.5,1800,195200
20240205,14:55:10,0.5,1800,195200
20240205,14:55:12,0.5,1800,195200
20240205,14:55:13,0.5,1800,195200
20240205,14:55:14,0.5,7300,195200
20240205,14:55:20,0.5,50,195200
20240205,14:55:29,0.55,50,195200
20240205,14:55:36,0.5,50,195200
20240205,14:55:41,0.55,50,195200
20240205,14:55:46,0.55,100,195200
20240205,14:55:47,0.55,100,195200
20240205,14:56:35,0.5,250,194700
20240205,14:57:53,0.55,350,194700
20240205,14:57:57,0.55,1800,194700
20240205,14:58:07,0.5,1700,194700
20240205,14:58:53,0.5,650,194700
20240205,14:58:54,0.55,250,194700
20240205,14:59:05,0.55,300,194700
20240205,14:59:09,0.55,200,192450
20240205,14:59:16,0.55,250,192450
20240205,14:59:21,0.5,50,192450
20240205,14:59:40,0.5,50,192450
20240205,15:00:11,0.5,1800,192450
20240205,15:00:12,0.5,4300,192450
20240205,15:00:13,0.5,2450,192450
20240205,15:00:23,0.55,2900,192450
20240205,15:00:24,0.55,3600,192450
20240205,15:00:32,0.5,100,192450
20240205,15:00:44,0.55,750,192450
20240205,15:00:46,0.55,1800,192450
20240205,15:01:17,0.55,5400,192450
20240205,15:01:40,0.5,50,192450
20240205,15:02:22,0.55,50,182750
20240205,15:02:23,0.55,50,182750
20240205,15:02:25,0.55,50,182750
20240205,15:03:25,0.5,1600,182750
20240205,15:04:19,0.55,250,182750
20240205,15:04:42,0.55,100,182750
20240205,15:07:11,0.5,500,181650
20240205,15:09:31,0.55,250,181850
20240205,15:09:50,0.55,100,181850
20240205,15:10:14,0.55,50,181850
20240205,15:11:03,0.55,50,182050
20240205,15:11:06,0.55,200,182050
20240205,15:11:07,0.55,250,182050
20240205,15:11:26,0.55,500,182050
20240205,15:11:55,0.55,700,182050
20240205,15:11:58,0.55,900,182050
20240205,15:12:01,0.55,2450,182050
20240205,15:12:02,0.55,1800,182050
20240205,15:12:03,0.55,1200,182050
20240205,15:12:04,0.55,3550,182050
20240205,15:12:05,0.6,650,182050
20240205,15:12:14,0.55,1600,182050
20240205,15:12:19,0.55,200,182050
20240205,15:12:40,0.55,50,182050
20240205,15:13:17,0.5,700,182050
20240205,15:13:17,0.5,1800,182050
20240205,15:13:28,0.55,50,182050
20240205,15:13:53,0.55,100,182050
20240205,15:13:59,0.5,50,182050
20240205,15:14:00,0.55,100,182050
20240205,15:14:10,0.5,50,186900
20240205,15:14:28,0.5,250,186900
20240205,15:14:29,0.5,50,186900
20240205,15:14:30,0.5,200,186900
20240205,15:14:44,0.5,800,186900
20240205,15:14:53,0.5,650,186900
20240205,15:14:59,0.5,100,186900
20240205,15:15:14,0.5,1800,186900
20240205,15:15:16,0.5,1000,186900
20240205,15:15:18,0.5,250,186900
20240205,15:15:20,0.5,350,186900
20240205,15:15:22,0.5,2450,186900
20240205,15:15:23,0.5,200,186900
20240205,15:15:24,0.5,100,186900
20240205,15:15:33,0.5,50,186900
20240205,15:15:34,0.5,850,186900
20240205,15:15:41,0.5,50,186900
20240205,15:15:55,0.5,100,186900
