date,time,tick_price,volume,open_interest
20240108,12:21:52,13.0,200,200
20240108,12:26:01,12.0,50,200
20240108,12:26:11,12.0,50,200
20240108,12:26:29,12.15,50,200
20240108,12:26:39,12.1,50,200
20240108,13:21:53,13.1,50,200
20240108,15:01:34,13.1,100,50
20240108,15:13:34,13.1,50,150
20240109,13:30:28,13.85,1,200
20240109,13:30:28,13.85,200,200
20240109,13:31:11,13.2,150,200
20240109,13:31:30,13.2,50,200
20240109,13:34:13,13.15,50,400
20240109,13:40:23,13.15,50,450
20240109,14:00:52,13.15,50,500
20240112,09:15:48,14.1,1,500
20240112,09:15:48,14.1,100,500
20240112,10:07:03,14.15,50,600
20240112,10:53:36,19.0,100,600
20240112,10:54:12,19.0,350,700
20240112,10:54:20,13.4,300,700
20240112,10:54:43,13.4,150,700
20240112,10:55:51,13.6,50,700
20240112,12:30:22,13.6,100,1400
20240112,13:20:10,14.6,50,1300
20240115,09:15:27,19.7,1,1300
20240115,09:15:27,19.7,50,1300
20240115,11:03:48,20.75,50,1250
20240115,11:06:19,21.8,50,1250
20240115,11:09:46,21.9,50,1300
20240115,11:15:34,21.9,50,1350
20240115,11:51:05,19.65,50,1350
20240116,13:57:32,19.65,1,1350
20240116,13:57:32,19.65,100,1350
20240117,09:25:24,9.85,1,1350
20240117,09:25:24,9.85,200,1350
20240117,10:58:24,20.0,200,1350
20240117,10:59:24,20.0,50,1350
20240117,11:04:48,18.55,100,1500
20240117,11:07:56,18.45,100,1600
20240117,13:45:27,19.4,50,1700
20240123,11:39:54,7.95,250,1700
20240123,12:00:01,8.0,50,1950
20240123,12:00:10,7.85,50,1950
20240123,12:00:31,7.9,50,1950
20240123,12:00:36,7.85,50,1950
20240123,12:07:07,7.5,50,1750
20240123,12:39:02,8.5,50,1700
20240123,12:45:46,8.5,500,1700
20240123,12:48:10,8.55,250,2200
20240123,15:08:16,9.5,50,2450
20240123,15:17:28,9.45,50,2450
20240123,15:24:46,9.45,50,2450
20240123,15:29:59,9.5,1,2450
20240124,13:31:33,8.5,1,2450
20240124,13:31:33,8.5,50,2450
20240124,13:49:28,7.0,50,2500
20240124,13:59:18,7.0,950,2450
20240124,14:08:34,7.0,250,1500
20240129,12:52:34,3.05,1,1250
20240129,12:52:34,3.05,50,1250
20240129,12:56:01,3.05,50,1250
20240131,13:41:54,3.05,1,1250
20240131,13:41:54,3.05,100,1250
20240131,13:42:40,3.05,100,1250
20240201,12:04:22,3.05,1,1250
20240201,12:04:22,3.05,600,1250
20240201,12:05:28,3.05,50,1250
20240201,12:05:46,3.05,100,1250
20240201,12:05:56,3.05,300,1250
20240201,12:06:05,3.05,2000,2250
20240201,12:06:14,3.0,500,2250
20240201,12:06:23,3.25,1850,2250
20240201,12:06:33,3.35,600,2250
20240201,12:06:33,2.95,600,2250
20240201,12:06:41,3.0,550,2250
20240201,12:07:20,3.1,200,2250
20240201,12:07:59,3.2,150,2250
20240201,12:08:08,3.2,50,2250
20240201,12:08:27,3.2,50,2250
20240201,12:08:44,3.25,150,2250
20240201,12:09:10,3.25,250,6700
20240201,12:09:37,3.25,350,6700
20240201,12:09:46,3.25,1450,6700
20240201,12:10:03,3.4,1950,6700
20240201,12:10:21,3.25,50,6700
20240201,12:10:30,3.25,50,6700
20240201,12:10:39,3.35,350,6700
20240201,12:11:06,3.35,100,6700
20240201,12:12:03,3.3,100,10350
20240201,12:12:12,3.25,50,10350
20240201,12:12:31,3.25,100,10350
20240201,12:12:40,3.3,1050,10350
20240201,12:13:19,3.15,650,10350
20240201,12:13:29,3.15,450,10350
20240201,12:13:39,3.15,100,10350
20240201,12:13:48,3.15,1300,10350
20240201,12:13:57,3.15,400,10350
20240201,12:14:07,3.05,2600,10350
20240201,12:14:17,3.05,200,10350
20240201,12:14:26,3.05,100,10350
20240201,12:14:36,3.05,100,10350
20240201,12:14:55,2.75,550,14650
20240201,12:15:04,2.75,100,14650
20240201,12:15:14,2.85,50,14650
20240201,12:15:22,2.75,50,14650
20240201,12:15:31,2.75,550,14650
20240201,12:15:40,2.7,150,14650
20240201,12:15:49,2.7,50,14650
20240201,12:15:59,2.7,150,14650
20240201,12:16:45,2.6,600,14650
20240201,12:17:22,2.65,100,14650
20240201,12:18:33,2.7,100,15450
20240201,12:18:42,2.65,50,15450
20240201,12:18:51,2.55,50,15450
20240201,12:22:16,2.4,50,15450
20240201,12:23:37,2.4,50,15450
20240201,12:23:46,2.4,100,15450
20240201,12:24:11,2.45,50,15400
20240201,12:24:20,2.5,50,15400
20240201,12:24:53,2.55,300,15400
20240201,12:25:19,2.4,100,15400
20240201,12:25:27,2.4,50,15400
20240201,12:26:18,2.4,50,15400
20240201,12:26:26,2.4,100,15400
20240201,12:26:52,2.4,1250,15400
20240201,12:27:02,2.55,400,16000
20240201,12:28:22,2.4,450,16000
20240201,12:28:48,2.6,150,16000
20240201,12:29:31,2.35,300,16000
20240201,12:31:13,2.35,500,16500
20240201,12:32:12,2.25,500,16500
20240201,12:32:20,2.25,2400,16500
20240201,12:32:28,2.35,700,16500
20240201,12:32:47,2.3,100,16500
20240201,12:34:23,2.25,50,17250
20240201,12:35:32,2.25,50,17250
20240201,12:36:50,2.2,50,17300
20240201,12:37:18,2.2,50,17300
20240201,12:37:37,2.2,700,17300
20240201,12:37:47,2.25,100,17300
20240201,12:39:39,2.15,250,17400
20240201,12:39:47,2.2,2600,17400
20240201,12:39:56,2.2,50,17400
20240201,12:40:38,2.2,100,17400
20240201,12:40:46,2.15,100,17400
20240201,12:40:55,2.15,50,17400
20240201,12:41:03,2.15,100,17400
20240201,12:42:11,2.15,50,14650
20240201,12:44:56,2.2,2000,14650
20240201,12:47:17,2.15,150,14650
20240201,12:47:48,2.2,50,14650
20240201,12:47:58,2.25,1000,14650
20240201,12:49:05,2.2,150,16550
20240201,12:49:15,2.2,50,16550
20240201,12:50:16,2.15,100,16550
20240201,12:51:14,2.2,100,16500
20240201,12:51:24,2.2,300,16500
20240201,12:51:32,2.15,400,16500
20240201,12:51:41,2.25,50,16500
20240201,12:52:07,2.2,50,16500
20240201,12:54:16,2.2,1350,16500
20240201,12:54:27,2.1,200,16500
20240201,12:55:08,2.1,100,16500
20240201,12:55:48,2.2,550,16500
20240201,12:56:06,2.2,50,16500
20240201,12:57:35,2.15,100,16950
20240201,12:57:45,2.15,50,16950
20240201,13:00:40,2.15,250,16800
20240201,13:00:50,2.15,50,16800
20240201,13:00:59,2.05,50,16800
20240201,13:01:10,2.05,50,16800
20240201,13:01:51,2.2,1800,16800
20240201,13:01:59,2.15,100,16800
20240201,13:02:08,2.1,1300,16800
20240201,13:02:17,2.1,400,16800
20240201,13:03:02,2.1,1350,17050
20240201,13:03:18,2.0,500,17050
20240201,13:03:43,2.0,400,17050
20240201,13:04:09,2.0,300,17050
20240201,13:04:26,2.0,700,17050
20240201,13:04:42,1.95,300,17050
20240201,13:04:58,1.95,1600,17050
20240201,13:05:14,1.95,200,17050
20240201,13:06:04,1.95,1100,18450
20240201,13:06:13,1.95,1200,18450
20240201,13:07:14,1.95,650,18450
20240201,13:09:57,2.0,150,18800
20240201,13:10:46,2.0,1000,18800
20240201,13:12:02,2.05,50,18800
20240201,13:12:11,2.05,200,18750
20240201,13:12:25,2.0,250,18750
20240201,13:13:20,2.05,5950,18750
20240201,13:13:43,2.05,950,18750
20240201,13:15:21,2.05,1850,21850
20240201,13:16:11,2.1,50,21850
20240201,13:16:40,2.05,50,21850
20240201,13:16:47,2.05,50,21850
20240201,13:16:54,2.05,250,21850
20240201,13:17:46,2.0,50,21850
20240201,13:19:08,2.05,100,21500
20240201,13:20:20,2.05,100,21500
20240201,13:20:35,2.05,100,21500
20240201,13:20:58,2.1,200,21500
20240201,13:22:11,2.05,50,21300
20240201,13:22:58,2.1,150,21300
20240201,13:23:12,2.05,50,21300
20240201,13:23:43,2.05,500,21300
20240201,13:23:50,2.1,150,21300
20240201,13:23:56,2.1,50,21300
20240201,13:24:10,2.05,250,20650
20240201,13:24:16,2.05,300,20650
20240201,13:24:23,2.05,50,20650
20240201,13:24:39,2.05,50,20650
20240201,13:24:54,2.0,750,20650
20240201,13:26:03,2.05,1000,20650
20240201,13:27:16,2.0,100,20800
20240201,13:28:08,2.0,250,20800
20240201,13:28:38,2.0,250,20800
20240201,13:29:09,2.0,500,20800
20240201,13:29:25,2.0,350,20800
20240201,13:30:14,1.95,550,19900
20240201,13:32:28,1.85,100,19900
20240201,13:33:18,1.85,50,20400
20240201,13:34:43,1.85,100,20400
20240201,13:35:05,1.8,800,20400
20240201,13:35:19,1.8,50,20400
20240201,13:35:26,1.8,300,20400
20240201,13:35:33,1.8,2000,20400
20240201,13:35:46,1.75,2700,20400
20240201,13:36:15,1.8,250,24850
20240201,13:37:06,1.75,350,24850
20240201,13:37:26,1.7,100,24850
20240201,13:37:32,1.7,50,24850
20240201,13:37:39,1.65,1600,24850
20240201,13:37:45,1.65,50,24850
20240201,13:37:52,1.6,550,24850
20240201,13:40:47,1.6,50,26250
20240201,13:41:41,1.7,150,26250
20240201,13:41:49,1.6,300,26250
20240201,13:48:15,1.45,150,26500
20240201,13:48:30,1.35,3500,26500
20240201,13:48:37,1.4,100,26500
20240201,13:48:52,1.35,400,26500
20240201,13:49:07,1.35,100,26500
20240201,13:49:14,1.3,2250,26500
20240201,13:49:28,1.3,3400,26500
20240201,13:49:35,1.25,3800,26500
20240201,13:50:09,1.25,500,26500
20240201,13:50:16,1.2,100,26500
20240201,13:50:23,1.2,200,26500
20240201,13:50:37,1.25,100,26500
20240201,13:50:44,1.25,950,26500
20240201,13:50:57,1.25,300,26500
20240201,13:51:04,1.25,50,26500
20240201,13:51:11,1.25,50,33700
20240201,13:51:38,1.25,50,33700
20240201,13:53:37,1.25,750,33700
20240201,13:54:07,1.2,650,33700
20240201,13:54:14,1.2,250,33700
20240201,13:55:27,1.25,100,33700
20240201,13:55:41,1.25,1450,33700
20240201,13:55:48,1.25,1800,33700
20240201,13:56:44,1.3,1000,33700
20240201,13:56:52,1.3,950,33700
20240201,13:56:59,1.3,900,33700
20240201,13:57:20,1.25,600,31450
20240201,13:57:34,1.25,50,31450
20240201,14:00:04,1.25,100,31450
20240201,14:00:11,1.3,50,31900
20240201,14:00:19,1.3,50,31900
20240201,14:00:26,1.25,100,31900
20240201,14:01:42,1.25,50,31900
20240201,14:02:02,1.25,50,31900
20240201,14:03:14,1.25,50,32000
20240201,14:03:53,1.2,250,32000
20240201,14:04:00,1.2,1550,32000
20240201,14:04:07,1.2,50,32000
20240201,14:04:36,1.2,50,32000
20240201,14:07:29,1.25,300,33200
20240201,14:08:26,1.15,100,33200
20240201,14:08:34,1.15,250,33200
20240201,14:08:41,1.2,1100,33200
20240201,14:08:58,1.2,700,33200
20240201,14:09:06,1.2,500,33200
20240201,14:09:19,1.25,100,32500
20240201,14:09:26,1.2,1250,32500
20240201,14:09:33,1.15,1800,32500
20240201,14:09:47,1.15,50,32500
20240201,14:10:59,1.1,900,32500
20240201,14:11:05,1.1,200,32500
20240201,14:11:12,1.1,1850,32500
20240201,14:11:19,1.15,200,32500
20240201,14:11:26,1.15,800,32500
20240201,14:12:04,1.1,500,32500
20240201,14:12:11,1.15,50,32500
20240201,14:12:17,1.15,50,32950
20240201,14:12:24,1.2,50,32950
20240201,14:12:49,1.1,1600,32950
20240201,14:12:58,1.05,600,32950
20240201,14:13:06,1.05,400,32950
20240201,14:13:16,1.05,250,32950
20240201,14:13:24,1.05,50,32950
20240201,14:14:54,1.05,50,32950
20240201,14:16:06,1.15,50,32000
20240201,14:16:12,1.1,50,32000
20240201,14:16:19,1.1,50,32000
20240201,14:16:26,1.15,100,32000
20240201,14:16:33,1.15,100,32000
20240201,14:16:39,1.15,100,32000
20240201,14:16:46,1.15,150,32000
20240201,14:16:52,1.15,50,32000
20240201,14:16:59,1.15,100,32000
20240201,14:17:07,1.15,100,32000
20240201,14:17:14,1.2,50,32000
20240201,14:17:21,1.2,100,32000
20240201,14:17:27,1.2,100,32000
20240201,14:17:34,1.2,100,32000
20240201,14:17:47,1.2,200,32000
20240201,14:18:56,1.2,50,33150
20240201,14:19:14,1.2,100,33150
20240201,14:19:20,1.2,50,33150
20240201,14:19:26,1.2,150,33150
20240201,14:19:37,1.2,50,33150
20240201,14:19:44,1.2,50,33150
20240201,14:19:49,1.2,50,33150
20240201,14:19:56,1.2,100,33150
20240201,14:20:02,1.2,50,33150
20240201,14:20:08,1.2,50,33150
20240201,14:20:15,1.2,100,33150
20240201,14:20:21,1.2,300,33150
20240201,14:20:27,1.2,200,33150
20240201,14:20:45,1.2,50,33150
20240201,14:20:51,1.2,100,33150
20240201,14:20:58,1.15,50,33150
20240201,14:22:57,1.15,50,34550
20240201,14:23:56,1.15,100,34550
20240201,14:24:52,1.1,50,34600
20240201,14:24:58,1.15,200,34600
20240201,14:25:04,1.1,150,34600
20240201,14:25:11,1.1,250,34600
20240201,14:25:18,1.2,1850,34600
20240201,14:25:24,1.1,50,34600
20240201,14:25:30,1.1,50,34600
20240201,14:25:37,1.1,300,34600
20240201,14:25:49,1.1,150,34600
20240201,14:26:01,1.1,100,34600
20240201,14:26:07,1.1,150,34600
20240201,14:26:13,1.05,100,34600
20240201,14:26:30,1.05,50,34600
20240201,14:26:41,1.05,100,34600
20240201,14:26:47,1.05,50,34600
20240201,14:26:53,1.05,100,34600
20240201,14:26:59,1.05,150,34600
20240201,14:27:05,1.1,50,34600
20240201,14:27:11,1.05,100,34600
20240201,14:28:12,1.1,50,34000
20240201,14:29:15,1.1,100,34000
20240201,14:29:28,1.1,100,34000
20240201,14:29:35,1.1,150,34000
20240201,14:29:51,1.1,100,34000
20240201,14:32:47,1.1,200,33600
20240201,14:33:04,1.1,300,33600
20240201,14:33:58,1.2,250,33900
20240201,14:34:31,1.2,1800,33900
20240201,14:36:25,1.2,300,35850
20240201,14:36:32,1.2,3700,35850
20240201,14:37:09,1.15,1600,35850
20240201,14:37:15,1.15,550,35850
20240201,14:37:33,1.1,950,35850
20240201,14:40:05,1.15,50,35000
20240201,14:40:12,1.15,50,35000
20240201,14:40:37,1.15,400,35000
20240201,14:40:50,1.15,50,35000
20240201,14:41:03,1.15,100,35000
20240201,14:41:21,1.15,200,35000
20240201,14:41:33,1.15,150,35000
20240201,14:44:10,1.15,150,34650
20240201,14:45:17,1.15,50,34750
20240201,14:47:57,1.2,50,34750
20240201,14:48:04,1.2,100,34750
20240201,14:48:11,1.25,100,34750
20240201,14:48:23,1.2,200,34750
20240201,14:48:30,1.2,100,34750
20240201,14:48:44,1.2,50,34750
20240201,14:48:56,1.2,150,34750
20240201,14:50:38,1.1,200,34750
20240201,14:50:46,1.05,300,34750
20240201,14:50:54,1.05,150,34750
20240201,14:51:03,1.05,400,34750
20240201,14:51:12,1.05,150,34750
20240201,14:51:20,1.05,250,34000
20240201,14:52:04,1.15,50,34000
20240201,14:54:23,1.25,50,33700
20240201,14:56:18,1.1,100,33700
20240201,14:58:02,1.05,1800,33750
20240201,14:58:14,1.05,1600,33750
20240201,14:58:20,1.15,500,33750
20240201,14:58:41,1.15,100,33750
20240201,15:00:33,1.1,50,34550
20240201,15:00:42,1.1,100,34550
20240201,15:00:50,1.1,550,34550
20240201,15:01:26,1.15,1250,34550
20240201,15:01:38,1.2,1950,34550
20240201,15:01:56,1.2,100,34550
20240201,15:02:33,1.2,2250,34550
20240201,15:03:19,1.2,150,34850
20240201,15:03:26,1.2,50,34850
20240201,15:05:31,1.15,1100,34850
20240201,15:05:39,1.15,1000,34850
20240201,15:05:46,1.2,100,34850
20240201,15:08:24,1.2,350,35650
20240201,15:11:10,1.2,100,35850
20240201,15:11:16,1.2,50,35850
20240201,15:12:12,1.2,50,35850
20240201,15:12:25,1.15,50,35950
20240201,15:12:54,1.2,3000,35950
20240201,15:13:08,1.2,100,35950
20240201,15:13:23,1.2,100,35950
20240201,15:13:30,1.25,150,35950
20240201,15:13:43,1.2,150,35950
20240201,15:14:06,1.2,900,35950
20240201,15:14:13,1.2,100,35950
20240201,15:15:10,1.15,500,35950
20240201,15:15:41,1.15,200,36650
20240201,15:16:12,1.2,50,36650
20240201,15:16:19,1.2,50,36650
20240201,15:16:57,1.1,200,36650
20240201,15:17:14,1.25,50,36650
20240201,15:18:59,1.1,100,36650
20240201,15:19:07,1.15,50,36650
20240201,15:19:44,1.15,700,36650
20240201,15:20:12,1.05,50,36650
20240201,15:20:27,1.1,200,36650
20240201,15:23:55,1.0,1400,37100
20240201,15:24:11,1.0,550,37100
20240201,15:24:27,1.0,300,38800
20240201,15:24:43,1.0,300,38800
20240201,15:25:49,1.1,50,38800
20240201,15:26:22,0.95,1600,38800
20240201,15:27:32,0.95,50,40700
20240201,15:27:51,0.95,400,40700
20240201,15:27:57,1.0,350,40700
20240201,15:28:10,1.0,250,40700
20240201,15:28:24,1.05,50,40700
20240201,15:29:21,1.05,50,40700
20240201,15:29:35,0.95,100,40700
20240201,15:29:42,1.0,150,40700
20240201,15:29:58,0.95,50,40700
20240202,09:15:01,1.15,1,40400
20240202,09:15:01,1.15,150,40400
20240202,09:15:03,1.15,700,40400
20240202,09:15:04,1.15,5700,40400
20240202,09:15:05,1.2,300,40400
20240202,09:15:06,1.85,1550,40400
20240202,09:15:07,1.15,500,40400
20240202,09:15:08,1.15,100,40400
20240202,09:15:10,1.15,400,40400
20240202,09:15:12,1.15,50,40400
20240202,09:15:14,1.1,150,40400
20240202,09:15:16,1.1,50,40400
20240202,09:15:19,1.05,1500,40400
20240202,09:15:20,1.05,50,40400
20240202,09:15:39,1.05,150,40400
20240202,09:15:43,1.05,500,40400
20240202,09:15:48,1.05,500,40400
20240202,09:15:54,1.1,50,40400
20240202,09:16:10,1.1,150,40400
20240202,09:16:12,1.1,200,40400
20240202,09:16:14,1.15,100,40400
20240202,09:16:16,1.15,150,40400
20240202,09:16:17,1.15,100,40400
20240202,09:16:19,1.15,200,40400
20240202,09:16:21,1.15,100,40400
20240202,09:16:23,1.15,200,40400
20240202,09:16:24,1.15,300,40400
20240202,09:16:25,1.2,100,40400
20240202,09:16:27,1.25,250,40400
20240202,09:16:29,1.2,450,40400
20240202,09:16:35,1.2,50,40400
20240202,09:16:42,1.15,50,40400
20240202,09:16:52,1.1,150,40400
20240202,09:16:58,1.15,100,40400
20240202,09:16:59,1.1,50,40400
20240202,09:17:00,1.15,200,40400
20240202,09:17:02,1.1,400,40400
20240202,09:17:08,1.1,1600,40400
20240202,09:17:10,1.15,50,40400
20240202,09:17:13,1.1,1200,40400
20240202,09:17:22,1.1,50,53400
20240202,09:17:23,1.1,350,53400
20240202,09:17:28,1.1,150,53400
20240202,09:17:37,1.1,1300,53400
20240202,09:17:39,1.1,750,53400
20240202,09:17:56,1.15,900,53400
20240202,09:18:07,1.15,50,53400
20240202,09:18:08,1.05,50,53400
20240202,09:18:10,1.1,50,53400
20240202,09:18:11,1.15,50,53400
20240202,09:18:15,1.15,50,53400
20240202,09:18:20,1.1,600,53400
20240202,09:18:35,1.15,400,53400
20240202,09:18:42,1.15,500,53400
20240202,09:18:43,1.15,150,53400
20240202,09:18:44,1.15,50,53400
20240202,09:18:46,1.15,50,53400
20240202,09:18:50,1.15,50,53400
20240202,09:18:54,1.15,200,53400
20240202,09:19:02,1.15,50,53400
20240202,09:19:05,1.15,100,53400
20240202,09:19:07,1.1,250,53400
20240202,09:19:09,1.1,50,53400
20240202,09:19:13,1.15,300,53400
20240202,09:19:17,1.15,3000,53400
20240202,09:19:29,1.15,50,53400
20240202,09:19:33,1.15,100,53400
20240202,09:19:37,1.15,100,53400
20240202,09:19:39,1.15,100,53400
20240202,09:19:41,1.15,100,53400
20240202,09:19:43,1.1,100,53400
20240202,09:19:45,1.15,800,53400
20240202,09:19:46,1.15,300,53400
20240202,09:19:51,1.1,50,53400
20240202,09:19:52,1.1,1000,53400
20240202,09:20:00,1.15,100,53400
20240202,09:20:02,1.1,150,53400
20240202,09:20:07,1.15,1250,53400
20240202,09:20:15,1.15,50,64300
20240202,09:20:16,1.1,50,64300
20240202,09:20:17,1.1,50,64300
20240202,09:20:20,1.15,50,64300
20240202,09:20:26,1.15,50,64300
20240202,09:20:27,1.1,100,64300
20240202,09:20:28,1.15,100,64300
20240202,09:20:29,1.15,50,64300
20240202,09:20:30,1.15,50,64300
20240202,09:20:41,1.15,100,64300
20240202,09:20:45,1.15,50,64300
20240202,09:20:49,1.15,100,64300
20240202,09:20:54,1.15,100,64300
20240202,09:20:59,1.15,50,64300
20240202,09:21:00,1.15,100,64300
20240202,09:21:03,1.15,100,64300
20240202,09:21:12,1.15,150,64300
20240202,09:21:13,1.15,150,64300
20240202,09:21:15,1.2,900,64300
20240202,09:21:16,1.2,200,64300
20240202,09:21:17,1.2,150,64300
20240202,09:21:18,1.2,200,64300
20240202,09:21:19,1.2,250,64300
20240202,09:21:20,1.2,200,64300
20240202,09:21:21,1.2,200,64300
20240202,09:21:22,1.2,200,64300
20240202,09:21:23,1.2,300,64300
20240202,09:21:24,1.2,200,64300
20240202,09:21:25,1.2,200,64300
20240202,09:21:26,1.2,200,64300
20240202,09:21:27,1.2,200,64300
20240202,09:21:29,1.2,1450,64300
20240202,09:21:31,1.15,800,64300
20240202,09:21:32,1.2,50,64300
20240202,09:21:33,1.2,50,64300
20240202,09:21:41,1.2,50,64300
20240202,09:21:44,1.2,100,64300
20240202,09:21:47,1.2,50,64300
20240202,09:21:52,1.2,50,64300
20240202,09:21:56,1.2,50,64300
20240202,09:21:58,1.2,50,64300
20240202,09:21:59,1.2,250,64300
20240202,09:22:01,1.2,50,64300
20240202,09:22:04,1.15,850,64300
20240202,09:22:05,1.15,50,64300
20240202,09:22:06,1.15,50,64300
20240202,09:22:07,1.15,50,64300
20240202,09:22:11,1.15,100,64300
20240202,09:22:13,1.15,50,64300
20240202,09:22:15,1.2,150,64300
20240202,09:22:16,1.15,50,64300
20240202,09:22:19,1.2,100,64300
20240202,09:22:22,1.15,50,64300
20240202,09:22:24,1.15,450,64300
20240202,09:22:24,1.2,500,64300
20240202,09:22:26,1.15,50,64300
20240202,09:22:27,1.15,50,64300
20240202,09:22:28,1.15,50,64300
20240202,09:22:29,1.15,50,64300
20240202,09:22:30,1.15,50,64300
20240202,09:22:31,1.15,200,64300
20240202,09:22:32,1.15,1050,64300
20240202,09:22:33,1.15,200,64300
20240202,09:22:35,1.2,250,64300
20240202,09:22:36,1.15,50,64300
20240202,09:22:37,1.15,50,64300
20240202,09:22:38,1.15,200,64300
20240202,09:22:39,1.15,200,64300
20240202,09:22:40,1.15,200,64300
20240202,09:22:41,1.15,50,64300
20240202,09:22:42,1.15,50,64300
20240202,09:22:43,1.15,50,64300
20240202,09:22:44,1.15,50,64300
20240202,09:22:45,1.15,50,64300
20240202,09:22:46,1.15,50,64300
20240202,09:22:47,1.15,50,64300
20240202,09:22:48,1.15,50,64300
20240202,09:22:49,1.1,1150,64300
20240202,09:22:50,1.1,50,64300
20240202,09:22:51,1.1,200,64300
20240202,09:22:52,1.1,50,64300
20240202,09:22:53,1.15,200,64300
20240202,09:23:00,1.15,50,64300
20240202,09:23:10,1.15,200,64300
20240202,09:23:16,1.15,50,68300
20240202,09:23:18,1.15,100,68300
20240202,09:23:20,1.15,50,68300
20240202,09:23:30,1.15,100,68300
20240202,09:23:31,1.15,150,68300
20240202,09:23:44,1.1,100,68300
20240202,09:23:50,1.15,100,68300
20240202,09:23:53,1.1,250,68300
20240202,09:23:54,1.15,1000,68300
20240202,09:24:07,1.1,100,68300
20240202,09:24:14,1.1,1800,68300
20240202,09:24:16,1.1,50,68300
20240202,09:24:18,1.1,1800,68300
20240202,09:24:26,1.1,250,68300
20240202,09:24:28,1.1,1550,68300
20240202,09:24:29,1.1,250,68300
20240202,09:24:35,1.1,900,68300
20240202,09:24:45,1.15,50,68300
20240202,09:24:48,1.1,200,68300
20240202,09:25:19,1.1,100,68300
20240202,09:25:39,1.1,300,68300
20240202,09:25:58,1.15,50,68300
20240202,09:26:09,1.15,100,68300
20240202,09:26:11,1.1,50,68300
20240202,09:26:13,1.15,50,68300
20240202,09:26:25,1.15,50,68750
20240202,09:26:26,1.1,800,68750
20240202,09:26:29,1.15,500,68750
20240202,09:26:31,1.15,100,68750
20240202,09:26:34,1.15,50,68750
20240202,09:26:40,1.15,200,68750
20240202,09:26:46,1.15,100,68750
20240202,09:27:04,1.1,100,68750
20240202,09:27:05,1.15,100,68750
20240202,09:27:09,1.15,50,68750
20240202,09:27:17,1.1,100,68750
20240202,09:27:46,1.1,50,68750
20240202,09:27:52,1.1,1800,68750
20240202,09:28:04,1.15,50,68750
20240202,09:28:23,1.15,50,68750
20240202,09:28:31,1.15,50,68750
20240202,09:28:32,1.15,150,68750
20240202,09:28:35,1.15,250,68750
20240202,09:28:54,1.15,50,68750
20240202,09:29:17,1.15,50,68750
20240202,09:30:45,1.1,900,71400
20240202,09:31:14,1.05,50,71400
20240202,09:32:37,1.1,100,71450
20240202,09:32:44,1.1,250,71450
20240202,09:34:03,1.1,50,71450
20240202,09:34:14,1.1,850,71450
20240202,09:34:33,1.05,2000,71450
20240202,09:34:54,1.1,50,71450
20240202,09:35:03,1.05,50,71450
20240202,09:35:16,1.05,1050,70950
20240202,09:35:47,1.1,150,70950
20240202,09:36:49,1.05,100,70950
20240202,09:36:52,1.1,200,70950
20240202,09:36:54,1.05,150,70950
20240202,09:36:56,1.05,500,70950
20240202,09:36:59,1.05,4400,70950
20240202,09:37:17,1.0,8150,70950
20240202,09:37:19,1.0,3150,70950
20240202,09:37:33,1.0,5950,70950
20240202,09:37:35,1.0,150,70950
20240202,09:37:37,1.0,1250,70950
20240202,09:37:38,1.0,1200,70950
20240202,09:37:53,1.0,3250,70950
20240202,09:37:57,1.0,4900,70950
20240202,09:37:58,1.0,100,70950
20240202,09:38:05,1.0,3250,70950
20240202,09:38:10,1.0,2000,70950
20240202,09:38:14,1.0,5300,70950
20240202,09:38:20,1.05,50,80750
20240202,09:38:45,1.0,150,80750
20240202,09:38:46,1.0,50,80750
20240202,09:38:52,1.0,5300,80750
20240202,09:38:59,1.05,50,80750
20240202,09:39:06,1.0,50,80750
20240202,09:39:15,1.0,50,80750
20240202,09:39:17,1.0,200,80750
20240202,09:40:03,1.0,600,80750
20240202,09:40:20,1.0,1800,80750
20240202,09:40:33,1.0,50,80750
20240202,09:40:36,1.0,50,80750
20240202,09:40:38,1.05,50,80750
20240202,09:40:39,1.0,3750,80750
20240202,09:40:40,0.95,1900,80750
20240202,09:40:41,1.0,250,80750
20240202,09:40:42,1.0,1400,80750
20240202,09:40:43,1.05,1800,80750
20240202,09:40:46,1.0,50,80750
20240202,09:40:49,1.0,3550,80750
20240202,09:40:50,1.0,150,80750
20240202,09:40:53,1.0,50,80750
20240202,09:41:08,1.0,50,80750
20240202,09:41:09,1.0,3500,80750
20240202,09:41:26,0.95,1800,82150
20240202,09:41:27,0.95,3600,82150
20240202,09:41:29,0.95,1800,82150
20240202,09:41:36,1.0,100,82150
20240202,09:41:41,0.95,500,82150
20240202,09:41:42,0.95,50,82150
20240202,09:41:45,0.95,200,82150
20240202,09:41:54,0.95,100,82150
20240202,09:42:07,0.95,2200,82150
20240202,09:42:07,0.95,100,82150
20240202,09:42:19,0.95,1300,82150
20240202,09:42:20,0.9,100,82150
20240202,09:42:39,0.9,50,82150
20240202,09:42:42,0.9,150,82150
20240202,09:42:49,0.95,1000,82150
20240202,09:42:54,0.9,50,82150
20240202,09:42:55,0.95,50,82150
20240202,09:43:23,0.9,250,82150
20240202,09:43:40,0.9,1150,82150
20240202,09:44:34,0.9,1650,82150
20240202,09:44:35,0.9,50,86450
20240202,09:44:38,0.9,1800,86450
20240202,09:44:58,0.9,800,86450
20240202,09:45:02,0.9,50,86450
20240202,09:45:03,0.9,1800,86450
20240202,09:45:04,0.9,1800,86450
20240202,09:45:06,0.9,800,86450
20240202,09:45:06,0.85,1800,86450
20240202,09:45:08,0.85,50,86450
20240202,09:45:12,0.85,1800,86450
20240202,09:45:13,0.85,1800,86450
20240202,09:45:14,0.85,50,86450
20240202,09:45:19,0.85,200,86450
20240202,09:45:31,0.9,350,86450
20240202,09:45:34,0.85,50,86450
20240202,09:45:45,0.85,50,86450
20240202,09:45:57,0.85,500,86450
20240202,09:45:58,0.9,50,86450
20240202,09:46:05,0.9,100,86450
20240202,09:46:41,0.85,200,86450
20240202,09:47:06,0.9,1900,86450
20240202,09:47:09,0.85,1150,86450
20240202,09:47:41,0.9,50,86450
20240202,09:48:00,0.85,50,93550
20240202,09:48:03,0.9,100,93550
20240202,09:48:04,0.9,100,93550
20240202,09:48:33,0.9,600,93550
20240202,09:48:35,0.9,50,93550
20240202,09:49:20,0.85,1300,93550
20240202,09:49:50,0.85,300,93550
20240202,09:49:56,0.85,50,93550
20240202,09:49:58,0.9,50,93550
20240202,09:50:28,0.85,50,93350
20240202,09:50:33,0.85,4250,93350
20240202,09:51:23,0.85,50,93350
20240202,09:51:25,0.8,300,93350
20240202,09:51:26,0.8,1550,93350
20240202,09:51:28,0.8,1350,93350
20240202,09:51:47,0.85,1750,93350
20240202,09:52:38,0.9,50,93350
20240202,09:52:40,0.9,50,93350
20240202,09:52:49,0.9,50,93350
20240202,09:52:55,0.9,150,93350
20240202,09:53:30,0.85,1800,89500
20240202,09:53:54,0.9,150,89500
20240202,09:54:27,0.85,100,89500
20240202,09:54:30,0.9,150,89500
20240202,09:55:15,0.85,200,89500
20240202,09:55:32,0.9,50,89500
20240202,09:55:40,0.85,50,89500
20240202,09:56:37,0.85,50,91250
20240202,09:57:10,0.9,10550,91250
20240202,09:57:12,0.95,50,91250
20240202,09:57:44,0.9,100,91250
20240202,09:57:56,0.9,1000,91250
20240202,09:58:08,0.9,850,91250
20240202,09:58:36,0.9,200,91250
20240202,09:58:59,0.85,1450,91250
20240202,09:59:00,0.85,350,91250
20240202,09:59:33,0.85,2050,96200
20240202,09:59:47,0.9,300,96200
20240202,10:01:03,0.85,50,96200
20240202,10:01:37,0.85,300,96200
20240202,10:01:45,0.9,50,96200
20240202,10:02:00,0.85,50,96200
20240202,10:02:14,0.85,200,96200
20240202,10:02:29,0.85,200,93600
20240202,10:03:06,0.85,3600,93600
20240202,10:05:21,0.85,350,96300
20240202,10:05:40,0.85,250,96300
20240202,10:05:41,0.85,300,96300
20240202,10:05:43,0.9,50,96300
20240202,10:05:44,0.9,200,96300
20240202,10:06:01,0.9,50,96300
20240202,10:07:58,0.85,50,96300
20240202,10:08:06,0.85,50,96300
20240202,10:08:24,0.85,3600,96000
20240202,10:08:32,0.85,1600,96000
20240202,10:10:03,0.85,250,96000
20240202,10:10:56,0.8,50,96000
20240202,10:12:13,0.8,100,99200
20240202,10:12:39,0.8,3000,99200
20240202,10:13:34,0.8,50,99200
20240202,10:14:26,0.8,50,99200
20240202,10:15:21,0.85,50,99200
20240202,10:15:27,0.85,800,99200
20240202,10:15:56,0.85,50,99200
20240202,10:16:33,0.85,500,99200
20240202,10:16:37,0.8,800,99200
20240202,10:16:56,0.8,50,99200
20240202,10:19:23,0.8,50,99200
20240202,10:19:57,0.8,50,99200
20240202,10:20:54,0.85,50,99200
20240202,10:24:03,0.85,50,99200
20240202,10:24:53,0.85,50,99200
20240202,10:25:39,0.85,2500,99200
20240202,10:25:51,0.8,50,99200
20240202,10:26:44,0.85,100,101000
20240202,10:27:48,0.8,50,101000
20240202,10:28:39,0.8,50,101000
20240202,10:29:21,0.8,150,101000
20240202,10:29:41,0.85,50,101000
20240202,10:32:17,0.85,50,101000
20240202,10:32:55,0.85,50,101000
20240202,10:32:57,0.8,900,101000
20240202,10:33:17,0.8,1000,101000
20240202,10:33:21,0.8,50,101000
20240202,10:35:26,0.85,50,101000
20240202,10:35:38,0.8,50,101000
20240202,10:37:56,0.85,50,101000
20240202,10:40:02,0.85,50,101000
20240202,10:40:12,0.8,50,101000
20240202,10:40:56,0.85,100,101000
20240202,10:43:42,0.85,1800,101000
20240202,10:46:09,0.85,50,101000
20240202,10:46:52,0.85,50,101300
20240202,10:52:53,0.85,50,101300
20240202,10:54:46,0.85,1100,101450
20240202,10:55:49,0.85,50,101450
20240202,10:55:54,0.8,50,101450
20240202,10:56:37,0.85,50,101050
20240202,10:57:05,0.85,50,101050
20240202,10:57:31,0.85,500,101050
20240202,10:57:48,0.85,100,101050
20240202,10:58:15,0.8,50,101050
20240202,10:58:25,0.8,1000,101050
20240202,10:58:42,0.85,50,101050
20240202,10:59:02,0.85,50,101050
20240202,10:59:42,0.85,50,101750
20240202,10:59:46,0.85,50,101750
20240202,11:00:26,0.8,250,101750
20240202,11:02:05,0.8,50,101750
20240202,11:02:22,0.85,100,101750
20240202,11:03:11,0.8,250,101900
20240202,11:04:06,0.85,50,101900
20240202,11:04:07,0.8,250,101900
20240202,11:05:04,0.85,200,101900
20240202,11:05:05,0.85,650,101900
20240202,11:05:07,0.85,200,101900
20240202,11:05:07,0.85,100,101900
20240202,11:05:08,0.85,300,101900
20240202,11:05:13,0.85,100,101900
20240202,11:05:14,0.85,100,101900
20240202,11:05:16,0.85,100,101900
20240202,11:06:27,0.85,50,101900
20240202,11:08:49,0.8,250,103200
20240202,11:12:39,0.85,5150,103100
20240202,11:12:45,0.85,2050,103100
20240202,11:13:00,0.85,100,103100
20240202,11:13:30,0.85,1050,103100
20240202,11:13:45,0.85,550,103100
20240202,11:13:46,0.85,1850,103100
20240202,11:13:47,0.85,2050,103100
20240202,11:13:55,0.85,250,103100
20240202,11:13:58,0.85,750,103100
20240202,11:15:04,0.85,50,103400
20240202,11:15:16,0.85,100,103400
20240202,11:15:18,0.85,4100,103400
20240202,11:15:25,0.85,1800,103400
20240202,11:15:28,0.85,1800,103400
20240202,11:15:30,0.85,1800,103400
20240202,11:15:31,0.85,100,103400
20240202,11:15:42,0.85,4150,103400
20240202,11:15:50,0.9,50,103400
20240202,11:15:56,0.9,50,103400
20240202,11:16:10,0.9,50,103400
20240202,11:16:11,0.9,50,103400
20240202,11:16:13,0.9,100,103400
20240202,11:16:14,0.9,50,103400
20240202,11:16:15,0.9,100,103400
20240202,11:16:16,0.9,50,103400
20240202,11:16:17,0.9,50,103400
20240202,11:16:18,0.9,100,103400
20240202,11:16:20,0.9,200,103400
20240202,11:16:21,0.9,150,103400
20240202,11:16:22,0.9,200,103400
20240202,11:16:23,0.9,150,103400
20240202,11:16:24,0.9,150,103400
20240202,11:16:25,0.9,150,103400
20240202,11:16:27,0.9,300,103400
20240202,11:16:28,0.9,400,103400
20240202,11:16:29,0.9,150,103400
20240202,11:16:30,0.9,150,103400
20240202,11:16:31,0.9,150,103400
20240202,11:16:32,0.9,150,103400
20240202,11:16:33,0.9,150,103400
20240202,11:16:35,0.9,300,103400
20240202,11:16:36,0.9,150,103400
20240202,11:16:41,0.85,50,103400
20240202,11:16:44,0.9,50,103400
20240202,11:16:45,0.9,150,103400
20240202,11:16:46,0.9,150,103400
20240202,11:17:06,0.9,1000,103400
20240202,11:17:09,0.9,200,103400
20240202,11:17:11,0.9,200,103400
20240202,11:17:40,0.85,50,94300
20240202,11:17:59,0.9,50,94300
20240202,11:18:09,0.9,200,94300
20240202,11:18:10,0.9,200,94300
20240202,11:18:11,0.9,200,94300
20240202,11:18:12,0.9,200,94300
20240202,11:18:13,0.9,200,94300
20240202,11:18:14,0.9,200,94300
20240202,11:18:17,0.85,50,94300
20240202,11:18:18,0.9,200,94300
20240202,11:18:19,0.9,200,94300
20240202,11:18:20,0.9,200,94300
20240202,11:18:21,0.9,200,94300
20240202,11:18:22,0.9,200,94300
20240202,11:18:23,0.9,200,94300
20240202,11:18:24,0.9,200,94300
20240202,11:18:25,0.9,200,94300
20240202,11:18:35,0.9,200,94300
20240202,11:18:36,0.9,200,94300
20240202,11:18:41,0.9,600,94300
20240202,11:18:47,0.9,200,94300
20240202,11:18:48,0.9,200,94300
20240202,11:18:49,0.9,200,94300
20240202,11:18:52,0.9,50,94300
20240202,11:18:53,0.9,1200,94300
20240202,11:18:54,0.95,200,94300
20240202,11:19:16,0.9,700,94300
20240202,11:19:17,0.9,250,94300
20240202,11:19:30,0.9,50,94300
20240202,11:19:45,0.9,200,94300
20240202,11:19:46,0.9,200,94300
20240202,11:19:47,0.9,200,94300
20240202,11:19:48,0.85,1950,94300
20240202,11:19:49,0.85,200,94300
20240202,11:19:50,0.85,200,94300
20240202,11:19:51,0.85,200,94300
20240202,11:19:52,0.85,200,94300
20240202,11:19:53,0.85,200,94300
20240202,11:19:55,0.85,400,94300
20240202,11:20:01,0.85,2000,94300
20240202,11:20:02,0.85,200,94300
20240202,11:20:03,0.85,200,94300
20240202,11:20:13,0.85,250,94300
20240202,11:20:14,0.85,200,94300
20240202,11:20:16,0.85,50,94300
20240202,11:20:19,0.85,50,94300
20240202,11:20:23,0.85,100,94300
20240202,11:20:24,0.85,200,94300
20240202,11:20:25,0.85,50,94300
20240202,11:20:30,0.85,50,94100
20240202,11:20:33,0.85,50,94100
20240202,11:20:38,0.9,1000,94100
20240202,11:20:41,0.85,100,94100
20240202,11:20:44,0.85,50,94100
20240202,11:20:47,0.85,200,94100
20240202,11:20:59,0.85,50,94100
20240202,11:23:33,0.9,800,94100
20240202,11:24:31,0.9,100,93650
20240202,11:25:12,0.85,200,93650
20240202,11:25:13,0.85,200,93650
20240202,11:25:14,0.85,200,93650
20240202,11:26:22,0.85,200,93650
20240202,11:26:23,0.85,250,93650
20240202,11:26:24,0.85,200,93650
20240202,11:26:27,0.85,50,93650
20240202,11:26:30,0.85,300,93650
20240202,11:26:31,0.85,200,93650
20240202,11:26:32,0.85,200,93650
20240202,11:26:33,0.85,200,93650
20240202,11:26:34,0.85,200,93650
20240202,11:26:39,0.9,50,93650
20240202,11:26:42,0.85,200,93650
20240202,11:26:43,0.85,200,93650
20240202,11:26:44,0.9,550,93650
20240202,11:26:57,0.85,200,93650
20240202,11:26:58,0.85,200,93650
20240202,11:27:05,0.85,50,93650
20240202,11:27:07,0.85,400,93650
20240202,11:27:08,0.85,200,93650
20240202,11:27:10,0.9,50,93650
20240202,11:27:13,0.85,800,93650
20240202,11:27:18,0.85,200,93650
20240202,11:27:20,0.85,600,93650
20240202,11:27:20,0.85,50,93650
20240202,11:28:02,0.8,50,93650
20240202,11:28:10,0.85,800,93650
20240202,11:28:11,0.85,50,93650
20240202,11:28:12,0.85,50,93650
20240202,11:28:14,0.85,50,93650
20240202,11:28:15,0.85,1850,93650
20240202,11:28:38,0.9,1800,93650
20240202,11:30:10,0.9,900,89200
20240202,11:30:48,0.9,100,89200
20240202,11:31:48,0.9,250,89200
20240202,11:32:01,0.95,400,89200
20240202,11:32:03,0.95,100,89200
20240202,11:32:04,0.95,150,89200
20240202,11:32:05,0.95,150,89200
20240202,11:32:06,0.95,150,89200
20240202,11:32:07,0.95,150,89200
20240202,11:32:36,0.9,500,89700
20240202,11:32:56,0.9,50,89700
20240202,11:33:16,0.95,50,89700
20240202,11:33:17,0.95,2000,89700
20240202,11:33:21,0.95,150,89700
20240202,11:33:56,0.95,150,89700
20240202,11:33:57,0.95,150,89700
20240202,11:34:15,0.95,50,89700
20240202,11:34:16,0.95,200,89700
20240202,11:34:17,0.95,200,89700
20240202,11:34:18,0.95,400,89700
20240202,11:34:27,0.95,8300,89700
20240202,11:35:03,1.0,2500,89700
20240202,11:35:06,0.95,50,89700
20240202,11:35:08,0.95,50,89700
20240202,11:35:15,1.0,750,89700
20240202,11:35:15,0.95,5800,89700
20240202,11:35:51,1.0,100,86850
20240202,11:36:18,1.0,50,86850
20240202,11:36:57,0.95,1350,86850
20240202,11:37:28,0.95,50,86850
20240202,11:37:34,0.95,150,86850
20240202,11:37:43,0.95,50,86850
20240202,11:37:45,0.95,5400,86850
20240202,11:37:46,0.95,150,86850
20240202,11:37:56,1.0,50,86850
20240202,11:37:57,1.0,200,86850
20240202,11:37:59,1.0,150,86850
20240202,11:38:02,1.0,50,86850
20240202,11:38:06,1.0,150,86850
20240202,11:38:08,1.0,150,86850
20240202,11:38:14,1.0,50,86850
20240202,11:38:15,1.0,250,86850
20240202,11:38:15,1.0,150,86850
20240202,11:38:18,1.0,300,86850
20240202,11:38:18,0.95,1050,86850
20240202,11:38:19,1.0,200,86850
20240202,11:38:20,1.0,100,86850
20240202,11:38:22,1.0,300,86850
20240202,11:38:23,1.0,300,86850
20240202,11:38:24,1.0,50,86850
20240202,11:38:27,1.0,200,86850
20240202,11:38:28,1.0,4850,86850
20240202,11:38:29,1.0,2100,86850
20240202,11:38:34,1.0,200,87450
20240202,11:38:35,1.0,50,87450
20240202,11:38:36,1.0,50,87450
20240202,11:38:40,1.0,50,87450
20240202,11:38:40,1.0,100,87450
20240202,11:38:44,1.0,150,87450
20240202,11:38:45,1.0,150,87450
20240202,11:38:46,1.0,300,87450
20240202,11:38:47,1.0,300,87450
20240202,11:38:48,1.0,400,87450
20240202,11:38:48,1.0,100,87450
20240202,11:38:57,0.95,50,87450
20240202,11:38:59,1.0,300,87450
20240202,11:38:59,1.0,100,87450
20240202,11:39:01,1.0,350,87450
20240202,11:39:02,1.05,200,87450
20240202,11:39:03,1.0,350,87450
20240202,11:39:06,1.05,150,87450
20240202,11:39:16,1.05,150,87450
20240202,11:39:17,1.05,450,87450
20240202,11:39:18,1.05,450,87450
20240202,11:39:19,1.05,150,87450
20240202,11:39:22,1.05,200,87450
20240202,11:39:23,1.05,200,87450
20240202,11:39:24,1.05,200,87450
20240202,11:39:29,1.05,50,87450
20240202,11:39:30,1.05,150,87450
20240202,11:39:31,1.05,300,87450
20240202,11:39:32,1.0,500,87450
20240202,11:39:34,1.05,1150,87450
20240202,11:39:34,1.05,250,87450
20240202,11:39:36,1.05,300,87450
20240202,11:39:36,1.05,250,87450
20240202,11:39:42,1.05,3300,87450
20240202,11:39:43,1.05,900,87450
20240202,11:39:47,1.0,450,87450
20240202,11:39:49,1.05,100,87450
20240202,11:39:56,1.0,700,87450
20240202,11:40:05,1.05,50,87450
20240202,11:40:18,1.05,250,87450
20240202,11:40:19,1.05,350,87450
20240202,11:40:24,1.15,2350,87450
20240202,11:40:34,1.15,50,87450
20240202,11:40:35,1.1,5250,87450
20240202,11:40:41,1.1,350,87450
20240202,11:40:45,1.1,50,87450
20240202,11:40:51,1.1,50,87450
20240202,11:40:52,1.1,2050,87450
20240202,11:40:53,1.1,250,87450
20240202,11:40:54,1.15,1800,87450
20240202,11:40:55,1.15,19650,87450
20240202,11:40:56,1.15,50,87450
20240202,11:41:00,1.1,5400,87450
20240202,11:41:01,1.1,1100,87450
20240202,11:41:03,1.1,750,87450
20240202,11:41:04,1.1,900,87450
20240202,11:41:07,1.1,1800,87450
20240202,11:41:12,1.1,50,87450
20240202,11:41:14,1.1,100,87450
20240202,11:41:16,1.1,450,87450
20240202,11:41:17,1.05,3900,87450
20240202,11:41:18,1.05,8300,87450
20240202,11:41:19,1.05,3450,87450
20240202,11:41:23,1.05,100,87450
20240202,11:41:24,1.05,9200,87450
20240202,11:41:25,1.0,12000,87450
20240202,11:41:26,1.0,7250,87450
20240202,11:41:27,1.05,2200,87450
20240202,11:41:28,1.05,50,87450
20240202,11:41:29,1.05,100,87450
20240202,11:41:30,1.05,50,87450
20240202,11:41:31,1.05,200,87450
20240202,11:41:32,1.05,50,130500
20240202,11:41:33,1.05,200,130500
20240202,11:41:34,1.05,100,130500
20240202,11:41:35,1.05,250,130500
20240202,11:41:36,1.05,50,130500
20240202,11:41:37,1.05,150,130500
20240202,11:41:38,1.05,50,130500
20240202,11:41:39,1.0,50,130500
20240202,11:41:40,1.05,50,130500
20240202,11:41:41,1.05,350,130500
20240202,11:41:43,1.0,6850,130500
20240202,11:41:44,1.05,100,130500
20240202,11:41:45,1.05,150,130500
20240202,11:41:46,1.05,7050,130500
20240202,11:41:47,1.05,2150,130500
20240202,11:41:49,1.05,150,130500
20240202,11:41:50,1.05,500,130500
20240202,11:41:51,1.05,50,130500
20240202,11:41:52,1.05,50,130500
20240202,11:41:55,1.0,100,130500
20240202,11:41:56,1.05,400,130500
20240202,11:42:00,1.05,50,130500
20240202,11:42:02,1.05,50,130500
20240202,11:42:09,1.05,50,130500
20240202,11:42:12,1.0,50,130500
20240202,11:42:16,1.05,100,130500
20240202,11:42:45,1.05,50,130500
20240202,11:42:49,1.05,150,130500
20240202,11:42:54,1.0,1700,130500
20240202,11:43:07,0.95,4900,130500
20240202,11:43:10,0.95,2800,130500
20240202,11:43:12,0.95,450,130500
20240202,11:43:13,0.95,250,130500
20240202,11:43:14,0.95,250,130500
20240202,11:43:15,0.95,2800,130500
20240202,11:43:18,0.95,50,130500
20240202,11:43:19,0.9,250,130500
20240202,11:43:20,0.9,500,130500
20240202,11:43:21,0.9,500,130500
20240202,11:43:22,0.9,2650,130500
20240202,11:43:23,0.85,1100,130500
20240202,11:43:24,0.85,200,130500
20240202,11:43:25,0.85,200,130500
20240202,11:43:26,0.85,200,130500
20240202,11:43:27,0.85,200,130500
20240202,11:43:28,0.85,450,130500
20240202,11:43:29,0.85,200,130500
20240202,11:43:30,0.85,250,130500
20240202,11:43:31,0.85,200,130500
20240202,11:43:32,0.85,3400,130500
20240202,11:43:33,0.85,2000,130500
20240202,11:43:34,0.85,300,130500
20240202,11:43:35,0.85,250,130500
20240202,11:43:36,0.85,2000,130500
20240202,11:43:37,0.8,200,130500
20240202,11:43:38,0.85,2500,130500
20240202,11:43:39,0.85,200,130500
20240202,11:43:40,0.85,200,130500
20240202,11:44:03,0.9,150,130500
20240202,11:44:07,0.9,150,130500
20240202,11:44:09,0.85,3750,130500
20240202,11:44:10,0.9,150,130500
20240202,11:44:11,0.9,50,130500
20240202,11:44:15,0.85,750,130500
20240202,11:44:16,0.9,50,130500
20240202,11:44:29,0.9,1500,130500
20240202,11:44:36,0.9,350,132700
20240202,11:44:40,0.9,50,132700
20240202,11:44:48,0.85,300,132700
20240202,11:45:05,0.9,300,132700
20240202,11:45:24,0.9,150,132700
20240202,11:45:25,0.9,50,132700
20240202,11:45:26,0.9,100,132700
20240202,11:45:37,0.9,1800,132700
20240202,11:45:38,0.9,1850,132700
20240202,11:45:39,0.9,1050,132700
20240202,11:45:43,0.9,300,132700
20240202,11:46:05,0.95,1950,132700
20240202,11:46:06,0.95,250,132700
20240202,11:46:07,1.0,50,132700
20240202,11:46:24,0.95,200,132700
20240202,11:46:26,0.95,50,132700
20240202,11:46:29,1.0,50,132700
20240202,11:46:41,0.95,200,132700
20240202,11:46:56,1.0,50,132700
20240202,11:47:07,0.95,100,132700
20240202,11:47:09,1.0,50,132700
20240202,11:47:27,1.0,100,132700
20240202,11:47:55,1.0,250,132350
20240202,11:47:56,1.0,300,132350
20240202,11:47:57,1.05,3250,132350
20240202,11:48:08,1.0,50,132350
20240202,11:48:23,1.05,100,132350
20240202,11:48:33,1.05,50,132350
20240202,11:48:44,1.0,50,132350
20240202,11:48:54,1.05,200,132350
20240202,11:49:03,1.05,3550,132350
20240202,11:49:20,1.05,50,132350
20240202,11:49:25,1.0,550,132350
20240202,11:49:26,1.05,50,132350
20240202,11:49:28,1.05,50,132350
20240202,11:49:33,1.0,250,132350
20240202,11:49:37,1.0,1850,132350
20240202,11:49:43,1.0,1250,132350
20240202,11:49:43,1.0,250,132350
20240202,11:49:45,1.0,250,132350
20240202,11:49:54,0.95,600,132350
20240202,11:49:55,0.95,400,132350
20240202,11:50:15,0.95,50,132350
20240202,11:50:55,1.0,50,128900
20240202,11:51:08,1.0,50,128900
20240202,11:51:26,0.95,50,128900
20240202,11:52:13,1.0,50,128900
20240202,11:53:15,1.0,200,128900
20240202,11:53:16,1.0,8050,128900
20240202,11:53:22,1.0,250,128900
20240202,11:53:23,0.95,550,128900
20240202,11:53:46,0.95,50,127050
20240202,11:53:48,0.95,50,127050
20240202,11:53:50,0.95,50,127050
20240202,11:53:51,0.95,50,127050
20240202,11:54:08,0.95,50,127050
20240202,11:54:09,0.95,50,127050
20240202,11:55:26,1.0,50,127050
20240202,11:55:35,1.0,150,127050
20240202,11:55:42,0.95,4350,127050
20240202,11:55:43,0.95,6050,127050
20240202,11:55:48,0.9,6450,127050
20240202,11:55:49,0.9,50,127050
20240202,11:56:35,0.9,50,137450
20240202,11:56:42,0.9,2950,137450
20240202,11:56:46,0.9,1000,137450
20240202,11:57:07,0.9,50,137450
20240202,11:57:10,0.9,50,137450
20240202,11:57:11,0.9,300,137450
20240202,11:57:13,0.9,50,137450
20240202,11:57:14,0.9,50,137450
20240202,11:57:16,0.9,50,137450
20240202,11:57:21,0.9,50,137450
20240202,11:57:26,0.9,50,137450
20240202,11:57:46,0.9,3650,137450
20240202,11:57:49,0.9,1800,137450
20240202,11:57:54,0.9,1350,137450
20240202,11:58:08,0.9,450,137450
20240202,11:58:14,0.9,50,137450
20240202,11:58:23,0.9,50,137450
20240202,11:58:28,0.9,50,137450
20240202,12:00:54,0.95,50,140150
20240202,12:00:56,0.95,50,140150
20240202,12:02:10,0.95,50,140150
20240202,12:02:25,0.95,50,140150
20240202,12:02:40,0.9,50,140150
20240202,12:03:54,0.95,10850,140150
20240202,12:03:58,0.95,1000,140150
20240202,12:04:03,0.9,50,140150
20240202,12:04:14,0.95,50,140150
20240202,12:04:22,0.95,50,140150
20240202,12:04:58,0.95,50,140150
20240202,12:05:02,0.95,500,140150
20240202,12:05:15,0.95,350,140150
20240202,12:05:32,0.9,50,140150
20240202,12:05:36,0.95,1000,133700
20240202,12:05:37,0.95,700,133700
20240202,12:06:29,0.95,400,133700
20240202,12:06:35,0.95,250,133700
20240202,12:06:41,0.95,250,133700
20240202,12:06:44,0.95,250,133700
20240202,12:06:46,0.95,300,133700
20240202,12:06:46,0.95,250,133700
20240202,12:06:49,0.95,300,133700
20240202,12:06:58,0.95,250,133700
20240202,12:07:05,0.95,350,133700
20240202,12:07:06,0.95,1350,133700
20240202,12:07:48,0.9,50,133700
20240202,12:07:55,0.9,500,133700
20240202,12:08:05,0.95,1500,133700
20240202,12:08:07,0.95,2000,133700
20240202,12:08:09,0.95,50,133700
20240202,12:09:04,0.95,50,130250
20240202,12:09:08,0.95,250,130250
20240202,12:09:09,0.95,400,130250
20240202,12:09:30,1.0,200,130250
20240202,12:09:45,0.95,50,130250
20240202,12:09:49,0.95,50,130250
20240202,12:09:54,0.95,200,130250
20240202,12:11:02,0.95,50,130250
20240202,12:11:08,1.0,50,130250
20240202,12:12:10,1.0,50,130250
20240202,12:12:22,1.0,50,130250
20240202,12:12:42,0.95,100,130250
20240202,12:12:58,1.0,50,130250
20240202,12:13:18,1.0,50,130250
20240202,12:14:38,1.0,600,130250
20240202,12:14:49,0.95,50,130250
20240202,12:14:54,0.95,450,130250
20240202,12:15:11,1.0,3300,130250
20240202,12:15:34,1.0,200,130250
20240202,12:15:36,1.0,200,130250
20240202,12:15:50,1.05,3600,130250
20240202,12:16:02,1.05,100,130250
20240202,12:16:03,1.05,150,130250
20240202,12:16:04,1.05,250,130250
20240202,12:16:06,1.05,150,130250
20240202,12:16:07,1.05,350,130250
20240202,12:16:08,1.05,50,130250
20240202,12:16:09,1.05,400,130250
20240202,12:16:10,1.05,100,130250
20240202,12:16:11,1.05,100,130250
20240202,12:16:12,1.05,200,130250
20240202,12:16:13,1.05,50,130250
20240202,12:16:14,1.05,450,130250
20240202,12:16:16,1.05,500,130250
20240202,12:16:18,1.05,4800,130250
20240202,12:16:19,1.05,8000,130250
20240202,12:16:20,1.1,2250,130250
20240202,12:16:21,1.1,50,130250
20240202,12:16:22,1.1,350,130250
20240202,12:16:23,1.1,150,130250
20240202,12:16:24,1.1,50,130250
20240202,12:16:25,1.1,350,130250
20240202,12:16:26,1.05,400,130250
20240202,12:16:27,1.05,150,130250
20240202,12:16:28,1.05,350,130250
20240202,12:16:29,1.05,50,130250
20240202,12:16:30,1.05,200,130250
20240202,12:16:31,1.05,50,130250
20240202,12:16:32,1.05,150,130250
20240202,12:16:33,1.05,350,130250
20240202,12:16:34,1.05,100,130250
20240202,12:16:35,1.05,250,130250
20240202,12:16:36,1.05,200,130250
20240202,12:16:37,1.05,1450,130250
20240202,12:16:38,1.0,1900,130250
20240202,12:16:39,1.05,600,130250
20240202,12:16:41,1.05,100,130250
20240202,12:17:03,1.05,150,130250
20240202,12:17:05,1.05,1800,130250
20240202,12:17:16,1.05,200,130250
20240202,12:17:21,1.05,50,130250
20240202,12:17:25,1.05,3700,130250
20240202,12:17:54,1.05,350,126450
20240202,12:18:02,1.1,150,126450
20240202,12:18:03,1.1,100,126450
20240202,12:18:04,1.1,250,126450
20240202,12:18:05,1.1,200,126450
20240202,12:18:06,1.1,100,126450
20240202,12:18:07,1.1,50,126450
20240202,12:18:08,1.1,200,126450
20240202,12:18:09,1.1,100,126450
20240202,12:18:10,1.1,200,126450
20240202,12:18:11,1.1,300,126450
20240202,12:18:12,1.1,200,126450
20240202,12:18:13,1.1,150,126450
20240202,12:18:14,1.1,150,126450
20240202,12:18:15,1.1,150,126450
20240202,12:18:16,1.1,150,126450
20240202,12:18:17,1.1,250,126450
20240202,12:18:18,1.1,50,126450
20240202,12:18:19,1.1,250,126450
20240202,12:18:20,1.1,100,126450
20240202,12:18:21,1.1,2250,126450
20240202,12:18:22,1.1,150,126450
20240202,12:18:23,1.1,50,126450
20240202,12:18:24,1.1,1100,126450
20240202,12:18:25,1.1,150,126450
20240202,12:18:26,1.1,1400,126450
20240202,12:18:27,1.1,200,126450
20240202,12:18:29,1.1,350,126450
20240202,12:18:30,1.1,50,126450
20240202,12:18:31,1.1,300,126450
20240202,12:18:32,1.1,50,126450
20240202,12:18:33,1.1,250,126450
20240202,12:18:34,1.1,100,126450
20240202,12:18:35,1.1,300,126450
20240202,12:18:36,1.1,100,126450
20240202,12:18:37,1.1,200,126450
20240202,12:18:38,1.1,200,126450
20240202,12:18:39,1.1,1200,126450
20240202,12:18:40,1.1,100,126450
20240202,12:18:41,1.15,250,126450
20240202,12:18:42,1.15,150,126450
20240202,12:18:43,1.15,100,126450
20240202,12:18:44,1.15,300,126450
20240202,12:18:45,1.15,50,126450
20240202,12:18:46,1.15,100,126450
20240202,12:18:47,1.15,100,126450
20240202,12:18:48,1.15,150,126450
20240202,12:18:49,1.1,4100,126450
20240202,12:18:50,1.15,250,126450
20240202,12:18:51,1.15,200,126450
20240202,12:18:52,1.15,150,126450
20240202,12:18:53,1.15,200,126450
20240202,12:18:54,1.15,500,126450
20240202,12:18:56,1.15,100,126450
20240202,12:18:57,1.15,350,126450
20240202,12:18:58,1.15,150,126450
20240202,12:18:59,1.15,200,126450
20240202,12:19:00,1.15,300,126450
20240202,12:19:01,1.15,100,126450
20240202,12:19:02,1.15,100,126450
20240202,12:19:03,1.15,450,126450
20240202,12:19:04,1.15,100,126450
20240202,12:19:05,1.15,200,126450
20240202,12:19:06,1.15,150,126450
20240202,12:19:07,1.15,300,126450
20240202,12:19:08,1.15,150,126450
20240202,12:19:09,1.15,250,126450
20240202,12:19:10,1.15,150,126450
20240202,12:19:11,1.15,400,126450
20240202,12:19:12,1.15,100,126450
20240202,12:19:13,1.15,100,126450
20240202,12:19:14,1.15,150,126450
20240202,12:19:15,1.15,150,126450
20240202,12:19:16,1.15,100,126450
20240202,12:19:17,1.15,150,126450
20240202,12:19:18,1.15,50,126450
20240202,12:19:19,1.15,100,126450
20240202,12:19:20,1.15,250,126450
20240202,12:19:22,1.1,1900,126450
20240202,12:19:23,1.1,50,126450
20240202,12:19:24,1.1,100,126450
20240202,12:19:25,1.1,100,126450
20240202,12:19:26,1.1,50,126450
20240202,12:19:27,1.1,2150,126450
20240202,12:19:28,1.1,100,126450
20240202,12:19:29,1.1,150,126450
20240202,12:19:30,1.1,550,126450
20240202,12:19:32,1.1,300,126450
20240202,12:19:34,1.1,250,126450
20240202,12:19:35,1.1,100,126450
20240202,12:19:36,1.1,300,126450
20240202,12:19:37,1.1,100,126450
20240202,12:19:38,1.1,150,126450
20240202,12:19:39,1.1,100,126450
20240202,12:19:40,1.1,300,126450
20240202,12:19:41,1.1,100,126450
20240202,12:19:42,1.1,150,126450
20240202,12:19:43,1.1,50,126450
20240202,12:19:44,1.1,100,126450
20240202,12:19:45,1.1,150,126450
20240202,12:19:46,1.1,100,126450
20240202,12:19:48,1.1,150,126450
20240202,12:19:48,1.1,100,126450
20240202,12:19:49,1.1,200,126450
20240202,12:19:50,1.1,1150,126450
20240202,12:19:51,1.15,200,126450
20240202,12:19:52,1.15,250,126450
20240202,12:19:54,1.15,150,126450
20240202,12:19:55,1.15,200,126450
20240202,12:19:56,1.15,100,126450
20240202,12:19:57,1.15,100,126450
20240202,12:19:58,1.15,200,126450
20240202,12:19:59,1.15,250,126450
20240202,12:20:00,1.15,150,126450
20240202,12:20:01,1.15,200,126450
20240202,12:20:03,1.15,150,126450
20240202,12:20:04,1.15,250,126450
20240202,12:20:05,1.1,2200,126450
20240202,12:20:06,1.15,5500,126450
20240202,12:20:09,1.15,100,126450
20240202,12:20:11,1.1,950,126450
20240202,12:20:18,1.1,500,126450
20240202,12:20:31,1.15,50,126450
20240202,12:20:47,1.1,450,139800
20240202,12:21:03,1.15,50,139800
20240202,12:21:06,1.15,2550,139800
20240202,12:21:33,1.15,100,139800
20240202,12:21:38,1.15,50,139800
20240202,12:21:49,1.15,50,139800
20240202,12:21:56,1.15,1800,139800
20240202,12:23:10,1.15,50,139800
20240202,12:23:13,1.15,3950,139800
20240202,12:23:14,1.15,4150,139800
20240202,12:23:20,1.2,50,139800
20240202,12:23:21,1.15,50,139800
20240202,12:23:28,1.2,50,139800
20240202,12:23:33,1.15,50,139800
20240202,12:23:35,1.2,100,139800
20240202,12:23:48,1.15,200,142850
20240202,12:23:54,1.2,50,142850
20240202,12:23:59,1.2,50,142850
20240202,12:24:00,1.15,50,142850
20240202,12:24:01,1.2,200,142850
20240202,12:24:03,1.2,600,142850
20240202,12:24:04,1.2,100,142850
20240202,12:24:05,1.2,250,142850
20240202,12:24:06,1.2,500,142850
20240202,12:24:07,1.2,150,142850
20240202,12:24:08,1.2,150,142850
20240202,12:24:09,1.2,250,142850
20240202,12:24:11,1.2,500,142850
20240202,12:24:13,1.2,150,142850
20240202,12:24:14,1.2,50,142850
20240202,12:24:15,1.2,150,142850
20240202,12:24:16,1.2,100,142850
20240202,12:24:17,1.2,150,142850
20240202,12:24:18,1.2,3350,142850
20240202,12:24:19,1.2,100,142850
20240202,12:24:20,1.2,100,142850
20240202,12:24:21,1.2,350,142850
20240202,12:24:23,1.2,150,142850
20240202,12:24:24,1.2,150,142850
20240202,12:24:25,1.2,150,142850
20240202,12:24:26,1.2,350,142850
20240202,12:24:28,1.2,100,142850
20240202,12:24:29,1.2,2300,142850
20240202,12:24:31,1.2,5550,142850
20240202,12:24:33,1.2,3000,142850
20240202,12:24:34,1.2,200,142850
20240202,12:24:35,1.2,250,142850
20240202,12:24:36,1.2,200,142850
20240202,12:24:37,1.2,300,142850
20240202,12:24:38,1.2,100,142850
20240202,12:24:39,1.2,400,142850
20240202,12:24:40,1.2,150,142850
20240202,12:24:46,1.2,300,142850
20240202,12:24:47,1.2,2750,142850
20240202,12:24:51,1.2,750,142850
20240202,12:25:09,1.25,50,142850
20240202,12:25:17,1.25,700,142850
20240202,12:25:19,1.2,150,142850
20240202,12:25:25,1.25,500,142850
20240202,12:25:29,1.2,1800,142850
20240202,12:25:31,1.2,50,142850
20240202,12:25:33,1.2,200,142850
20240202,12:25:38,1.2,500,142850
20240202,12:25:42,1.2,850,142850
20240202,12:25:50,1.25,1000,142850
20240202,12:25:52,1.25,100,142850
20240202,12:25:55,1.15,2950,142850
20240202,12:26:01,1.2,100,142850
20240202,12:26:12,1.15,50,142850
20240202,12:26:15,1.2,100,142850
20240202,12:26:20,1.2,50,142850
20240202,12:26:22,1.2,50,142850
20240202,12:26:23,1.2,50,142850
20240202,12:26:26,1.2,50,142850
20240202,12:26:40,1.15,50,143100
20240202,12:26:46,1.15,50,143100
20240202,12:26:48,1.15,100,143100
20240202,12:26:49,1.2,50,143100
20240202,12:26:50,1.15,50,143100
20240202,12:26:58,1.2,300,143100
20240202,12:27:04,1.15,100,143100
20240202,12:27:16,1.2,50,143100
20240202,12:27:19,1.15,50,143100
20240202,12:27:20,1.15,50,143100
20240202,12:27:23,1.15,50,143100
20240202,12:27:24,1.2,50,143100
20240202,12:27:25,1.2,9700,143100
20240202,12:27:28,1.15,50,143100
20240202,12:27:30,1.2,7400,143100
20240202,12:27:36,1.15,100,143100
20240202,12:27:37,1.15,100,143100
20240202,12:27:38,1.2,50,143100
20240202,12:27:40,1.2,5000,143100
20240202,12:27:43,1.2,1250,143100
20240202,12:27:44,1.2,1000,143100
20240202,12:27:45,1.2,1400,143100
20240202,12:27:46,1.2,1300,143100
20240202,12:27:47,1.2,850,143100
20240202,12:27:48,1.2,2050,143100
20240202,12:27:49,1.2,3350,143100
20240202,12:27:50,1.2,1650,143100
20240202,12:27:51,1.2,100,143100
20240202,12:27:56,1.2,300,143100
20240202,12:28:05,1.15,1500,143100
20240202,12:28:07,1.15,50,143100
20240202,12:28:10,1.15,50,143100
20240202,12:28:15,1.15,50,143100
20240202,12:28:16,1.2,50,143100
20240202,12:28:20,1.15,50,143100
20240202,12:28:22,1.15,100,143100
20240202,12:28:25,1.15,50,143100
20240202,12:28:27,1.15,100,143100
20240202,12:28:28,1.2,2850,143100
20240202,12:28:29,1.15,50,143100
20240202,12:28:31,1.15,100,143100
20240202,12:28:34,1.2,5700,143100
20240202,12:28:36,1.2,450,143100
20240202,12:28:37,1.2,550,143100
20240202,12:28:38,1.2,50,143100
20240202,12:28:39,1.15,50,143100
20240202,12:28:40,1.2,50,143100
20240202,12:28:41,1.15,100,143100
20240202,12:28:43,1.15,50,143100
20240202,12:28:44,1.2,7450,143100
20240202,12:28:45,1.2,1950,143100
20240202,12:28:46,1.2,1100,143100
20240202,12:28:47,1.2,350,143100
20240202,12:28:49,1.2,1400,143100
20240202,12:28:50,1.2,800,143100
20240202,12:28:51,1.2,600,143100
20240202,12:28:52,1.2,350,143100
20240202,12:28:53,1.2,500,143100
20240202,12:28:54,1.2,1100,143100
20240202,12:28:56,1.2,450,143100
20240202,12:28:58,1.2,3750,143100
20240202,12:29:00,1.15,50,143100
20240202,12:29:04,1.2,50,143100
20240202,12:29:08,1.2,50,143100
20240202,12:29:09,1.2,1800,143100
20240202,12:29:11,1.15,100,143100
20240202,12:29:12,1.2,50,143100
20240202,12:29:13,1.15,50,143100
20240202,12:29:15,1.15,50,143100
20240202,12:29:16,1.2,50,143100
20240202,12:29:17,1.2,3800,143100
20240202,12:29:18,1.15,50,143100
20240202,12:29:20,1.15,100,143100
20240202,12:29:21,1.2,50,143100
20240202,12:29:25,1.15,100,143100
20240202,12:29:26,1.15,100,143100
20240202,12:29:27,1.15,100,143100
20240202,12:29:28,1.2,50,143100
20240202,12:29:30,1.15,100,143100
20240202,12:29:32,1.2,5650,143100
20240202,12:29:35,1.2,250,143100
20240202,12:29:41,1.15,2000,143100
20240202,12:29:46,1.2,200,143100
20240202,12:29:50,1.2,250,143100
20240202,12:29:56,1.15,50,143100
20240202,12:30:02,1.15,100,143100
20240202,12:30:07,1.2,50,143100
20240202,12:30:10,1.2,2350,143100
20240202,12:30:15,1.2,100,143100
20240202,12:30:17,1.2,500,143100
20240202,12:30:23,1.15,100,143100
20240202,12:30:26,1.2,50,143100
20240202,12:30:39,1.2,50,143100
20240202,12:30:46,1.15,50,143100
20240202,12:30:48,1.15,50,143100
20240202,12:30:50,1.15,50,143100
20240202,12:30:54,1.2,100,143100
20240202,12:30:56,1.2,250,143100
20240202,12:30:59,1.2,950,143100
20240202,12:31:06,1.2,150,143100
20240202,12:31:25,1.2,1000,143100
20240202,12:31:34,1.2,50,143100
20240202,12:31:35,1.2,1000,143100
20240202,12:31:41,1.25,100,143100
20240202,12:31:42,1.2,800,143100
20240202,12:31:44,1.2,250,143100
20240202,12:31:45,1.2,50,143100
20240202,12:31:46,1.2,50,143100
20240202,12:31:47,1.2,50,143100
20240202,12:31:52,1.25,50,143100
20240202,12:31:55,1.2,100,143100
20240202,12:31:57,1.2,300,143100
20240202,12:32:03,1.2,500,143100
20240202,12:32:04,1.25,50,143100
20240202,12:32:06,1.2,350,143100
20240202,12:32:07,1.2,50,143100
20240202,12:32:09,1.2,100,143100
20240202,12:32:11,1.2,3100,143100
20240202,12:32:22,1.2,500,143100
20240202,12:32:23,1.25,200,143100
20240202,12:32:25,1.2,1700,143100
20240202,12:32:26,1.2,550,143100
20240202,12:32:30,1.25,1800,143100
20240202,12:32:33,1.25,50,143100
20240202,12:32:34,1.2,50,143100
20240202,12:32:37,1.2,250,143100
20240202,12:32:46,1.25,50,143100
20240202,12:32:47,1.25,50,143900
20240202,12:32:57,1.2,50,143900
20240202,12:33:07,1.25,500,143900
20240202,12:33:11,1.2,50,143900
20240202,12:33:24,1.25,400,143900
20240202,12:33:34,1.25,50,143900
20240202,12:33:35,1.25,50,143900
20240202,12:33:40,1.25,50,143900
20240202,12:33:41,1.25,50,143900
20240202,12:33:43,1.25,100,143900
20240202,12:33:44,1.25,50,143900
20240202,12:33:45,1.25,50,143900
20240202,12:33:46,1.25,50,143900
20240202,12:33:48,1.25,50,143900
20240202,12:33:49,1.25,50,143900
20240202,12:33:50,1.25,50,143900
20240202,12:33:51,1.25,100,143900
20240202,12:33:52,1.25,100,143900
20240202,12:33:54,1.25,200,143900
20240202,12:33:55,1.25,100,143900
20240202,12:33:56,1.25,1750,143900
20240202,12:33:57,1.25,100,143900
20240202,12:33:59,1.25,200,143900
20240202,12:34:00,1.25,100,143900
20240202,12:34:01,1.25,100,143900
20240202,12:34:02,1.25,1900,143900
20240202,12:34:03,1.25,150,143900
20240202,12:34:04,1.25,150,143900
20240202,12:34:05,1.25,150,143900
20240202,12:34:06,1.25,150,143900
20240202,12:34:08,1.25,300,143900
20240202,12:34:09,1.25,150,143900
20240202,12:34:10,1.25,150,143900
20240202,12:34:11,1.25,150,143900
20240202,12:34:12,1.25,150,143900
20240202,12:34:13,1.25,150,143900
20240202,12:34:14,1.25,150,143900
20240202,12:34:15,1.25,100,143900
20240202,12:34:17,1.25,200,143900
20240202,12:34:18,1.25,100,143900
20240202,12:34:19,1.25,100,143900
20240202,12:34:20,1.25,150,143900
20240202,12:34:21,1.25,150,143900
20240202,12:34:22,1.25,150,143900
20240202,12:34:23,1.25,150,143900
20240202,12:34:24,1.25,150,143900
20240202,12:34:25,1.25,100,143900
20240202,12:34:26,1.25,100,143900
20240202,12:34:28,1.25,2100,143900
20240202,12:34:29,1.3,1150,143900
20240202,12:34:30,1.3,150,143900
20240202,12:34:31,1.3,150,143900
20240202,12:34:32,1.3,150,143900
20240202,12:34:33,1.3,150,143900
20240202,12:34:34,1.3,150,143900
20240202,12:34:35,1.3,150,143900
20240202,12:34:36,1.3,150,143900
20240202,12:34:37,1.3,150,143900
20240202,12:34:38,1.3,150,143900
20240202,12:34:39,1.3,650,143900
20240202,12:34:40,1.3,150,143900
20240202,12:34:41,1.3,150,143900
20240202,12:34:42,1.3,150,143900
20240202,12:34:43,1.3,150,143900
20240202,12:34:44,1.3,150,143900
20240202,12:34:45,1.3,150,143900
20240202,12:34:46,1.3,150,143900
20240202,12:34:47,1.3,150,143900
20240202,12:34:48,1.3,150,143900
20240202,12:34:49,1.3,150,143900
20240202,12:34:50,1.3,150,143900
20240202,12:34:51,1.3,150,143900
20240202,12:34:52,1.3,150,143900
20240202,12:34:53,1.3,150,143900
20240202,12:34:54,1.3,150,143900
20240202,12:34:55,1.3,50,143900
20240202,12:34:56,1.3,50,143900
20240202,12:34:57,1.3,50,143900
20240202,12:34:58,1.3,50,143900
20240202,12:34:59,1.3,50,143900
20240202,12:35:01,1.3,50,143900
20240202,12:35:06,1.3,200,143900
20240202,12:35:09,1.3,50,143900
20240202,12:35:17,1.3,3550,143900
20240202,12:35:19,1.35,3200,143900
20240202,12:35:21,1.3,1800,143900
20240202,12:35:22,1.3,2450,143900
20240202,12:35:23,1.25,200,143900
20240202,12:35:24,1.25,2000,143900
20240202,12:35:25,1.3,450,143900
20240202,12:35:26,1.3,100,143900
20240202,12:35:28,1.25,100,143900
20240202,12:35:29,1.25,200,143900
20240202,12:35:30,1.25,200,143900
20240202,12:35:31,1.25,200,143900
20240202,12:35:32,1.25,200,143900
20240202,12:35:33,1.25,200,143900
20240202,12:35:34,1.25,200,143900
20240202,12:35:35,1.25,200,143900
20240202,12:35:36,1.25,200,143900
20240202,12:35:37,1.25,200,143900
20240202,12:35:38,1.25,200,143900
20240202,12:35:39,1.25,200,154400
20240202,12:35:40,1.25,200,154400
20240202,12:35:41,1.25,200,154400
20240202,12:35:42,1.25,200,154400
20240202,12:35:43,1.25,200,154400
20240202,12:35:44,1.25,200,154400
20240202,12:35:45,1.25,200,154400
20240202,12:35:46,1.25,200,154400
20240202,12:35:47,1.25,200,154400
20240202,12:35:48,1.25,200,154400
20240202,12:35:49,1.25,200,154400
20240202,12:35:50,1.25,200,154400
20240202,12:35:51,1.25,200,154400
20240202,12:35:52,1.25,400,154400
20240202,12:35:53,1.25,2100,154400
20240202,12:35:55,1.2,100,154400
20240202,12:35:56,1.2,200,154400
20240202,12:35:57,1.2,200,154400
20240202,12:35:58,1.2,200,154400
20240202,12:35:59,1.2,200,154400
20240202,12:36:00,1.2,200,154400
20240202,12:36:01,1.2,200,154400
20240202,12:36:02,1.2,250,154400
20240202,12:36:03,1.2,200,154400
20240202,12:36:04,1.2,150,154400
20240202,12:36:05,1.2,200,154400
20240202,12:36:06,1.2,150,154400
20240202,12:36:07,1.2,150,154400
20240202,12:36:08,1.2,150,154400
20240202,12:36:09,1.2,150,154400
20240202,12:36:10,1.2,150,154400
20240202,12:36:11,1.2,150,154400
20240202,12:36:12,1.2,250,154400
20240202,12:36:13,1.2,200,154400
20240202,12:36:14,1.15,450,154400
20240202,12:36:15,1.15,150,154400
20240202,12:36:16,1.15,150,154400
20240202,12:36:28,1.15,400,154400
20240202,12:36:32,1.15,50,154400
20240202,12:36:35,1.2,2100,154400
20240202,12:36:36,1.2,2300,154400
20240202,12:36:40,1.15,50,154400
20240202,12:36:50,1.2,100,154400
20240202,12:36:56,1.15,250,154400
20240202,12:37:06,1.15,250,154400
20240202,12:37:18,1.2,50,154400
20240202,12:37:19,1.2,50,154400
20240202,12:37:20,1.2,50,154400
20240202,12:37:21,1.2,50,154400
20240202,12:37:22,1.2,50,154400
20240202,12:37:23,1.2,50,154400
20240202,12:37:24,1.2,100,154400
20240202,12:37:25,1.2,50,154400
20240202,12:37:26,1.2,50,154400
20240202,12:37:27,1.2,50,154400
20240202,12:37:28,1.2,50,154400
20240202,12:37:29,1.2,100,154400
20240202,12:37:30,1.2,100,154400
20240202,12:37:31,1.2,100,154400
20240202,12:37:32,1.2,100,154400
20240202,12:37:33,1.2,150,154400
20240202,12:37:34,1.2,150,154400
20240202,12:37:35,1.2,150,154400
20240202,12:37:36,1.2,150,154400
20240202,12:37:37,1.2,200,154400
20240202,12:37:38,1.2,150,154400
20240202,12:37:39,1.2,150,154400
20240202,12:37:40,1.2,150,154400
20240202,12:37:41,1.2,150,154400
20240202,12:37:42,1.2,150,154400
20240202,12:37:43,1.2,150,154400
20240202,12:37:44,1.2,200,154400
20240202,12:37:45,1.2,200,154400
20240202,12:37:46,1.2,200,154400
20240202,12:37:47,1.2,200,154400
20240202,12:37:48,1.2,200,154400
20240202,12:37:49,1.2,200,154400
20240202,12:37:50,1.2,200,154400
20240202,12:37:51,1.2,200,154400
20240202,12:37:52,1.2,200,154400
20240202,12:37:53,1.2,200,154400
20240202,12:37:54,1.2,200,154400
20240202,12:37:55,1.2,200,154400
20240202,12:37:56,1.2,200,154400
20240202,12:37:57,1.2,550,154400
20240202,12:37:58,1.2,50,154400
20240202,12:37:59,1.2,50,154400
20240202,12:38:00,1.2,50,154400
20240202,12:38:01,1.2,150,154400
20240202,12:38:02,1.2,200,154400
20240202,12:38:03,1.2,200,154400
20240202,12:38:04,1.2,200,154400
20240202,12:38:05,1.2,50,154400
20240202,12:38:06,1.2,50,154400
20240202,12:38:07,1.2,50,154400
20240202,12:38:08,1.2,50,154400
20240202,12:38:09,1.2,50,154400
20240202,12:38:10,1.2,200,154400
20240202,12:38:11,1.2,300,154400
20240202,12:38:12,1.2,850,154400
20240202,12:38:13,1.2,50,154400
20240202,12:38:14,1.2,150,154400
20240202,12:38:15,1.2,50,154400
20240202,12:38:16,1.2,200,154400
20240202,12:38:17,1.2,200,154400
20240202,12:38:18,1.2,200,154400
20240202,12:38:19,1.2,200,154400
20240202,12:38:20,1.25,200,154400
20240202,12:38:21,1.25,200,154400
20240202,12:38:22,1.25,200,154400
20240202,12:38:23,1.25,200,154400
20240202,12:38:24,1.25,200,154400
20240202,12:38:25,1.25,300,154400
20240202,12:38:26,1.25,550,154400
20240202,12:38:27,1.25,200,154400
20240202,12:38:28,1.25,200,154400
20240202,12:38:29,1.25,200,154400
20240202,12:38:30,1.25,50,154400
20240202,12:38:31,1.25,50,154400
20240202,12:38:32,1.25,50,154400
20240202,12:38:33,1.25,50,154400
20240202,12:38:34,1.25,50,154400
20240202,12:38:35,1.25,50,154400
20240202,12:38:36,1.25,50,154400
20240202,12:38:37,1.25,200,154400
20240202,12:38:38,1.25,200,154400
20240202,12:38:39,1.2,250,157350
20240202,12:38:40,1.25,200,157350
20240202,12:38:41,1.25,50,157350
20240202,12:38:42,1.25,50,157350
20240202,12:38:43,1.25,50,157350
20240202,12:38:44,1.25,50,157350
20240202,12:38:45,1.25,50,157350
20240202,12:38:46,1.25,50,157350
20240202,12:38:47,1.25,50,157350
20240202,12:38:48,1.25,50,157350
20240202,12:38:49,1.25,50,157350
20240202,12:39:08,1.25,50,157350
20240202,12:39:16,1.25,50,157350
20240202,12:39:24,1.2,300,157350
20240202,12:39:42,1.2,50,157350
20240202,12:39:44,1.2,50,157350
20240202,12:39:45,1.2,100,157350
20240202,12:39:54,1.2,1800,157350
20240202,12:39:55,1.25,50,157350
20240202,12:39:56,1.25,50,157350
20240202,12:39:57,1.25,50,157350
20240202,12:39:58,1.25,50,157350
20240202,12:39:59,1.2,300,157350
20240202,12:40:00,1.25,200,157350
20240202,12:40:01,1.2,250,157350
20240202,12:40:02,1.2,250,157350
20240202,12:40:03,1.25,300,157350
20240202,12:40:04,1.25,200,157350
20240202,12:40:05,1.25,200,157350
20240202,12:40:06,1.25,200,157350
20240202,12:40:07,1.25,200,157350
20240202,12:40:08,1.25,200,157350
20240202,12:40:09,1.25,200,157350
20240202,12:40:22,1.25,50,157350
20240202,12:40:29,1.25,50,157350
20240202,12:40:30,1.25,50,157350
20240202,12:40:34,1.25,50,157350
20240202,12:40:52,1.25,50,157350
20240202,12:41:08,1.2,500,157350
20240202,12:41:17,1.2,1000,157350
20240202,12:41:36,1.2,50,157350
20240202,12:41:41,1.25,50,160000
20240202,12:42:05,1.2,50,160000
20240202,12:42:06,1.2,550,160000
20240202,12:42:07,1.2,200,160000
20240202,12:42:08,1.2,200,160000
20240202,12:42:09,1.2,200,160000
20240202,12:42:10,1.2,250,160000
20240202,12:42:12,1.2,400,160000
20240202,12:42:12,1.2,50,160000
20240202,12:42:13,1.2,200,160000
20240202,12:42:14,1.2,250,160000
20240202,12:42:15,1.2,200,160000
20240202,12:42:16,1.2,250,160000
20240202,12:42:17,1.2,500,160000
20240202,12:42:18,1.15,200,160000
20240202,12:42:19,1.15,200,160000
20240202,12:42:20,1.2,1200,160000
20240202,12:42:21,1.15,450,160000
20240202,12:42:22,1.15,200,160000
20240202,12:42:23,1.15,200,160000
20240202,12:42:24,1.15,200,160000
20240202,12:42:25,1.15,200,160000
20240202,12:42:26,1.15,200,160000
20240202,12:42:28,1.15,400,160000
20240202,12:42:29,1.15,200,160000
20240202,12:42:30,1.15,200,160000
20240202,12:42:31,1.15,200,160000
20240202,12:42:32,1.15,200,160000
20240202,12:42:33,1.15,200,160000
20240202,12:42:34,1.15,200,160000
20240202,12:42:35,1.15,200,160000
20240202,12:42:37,1.15,400,160000
20240202,12:42:38,1.15,200,160000
20240202,12:42:39,1.15,200,160000
20240202,12:42:40,1.15,200,160000
20240202,12:42:41,1.15,200,160000
20240202,12:42:42,1.15,200,160000
20240202,12:42:43,1.15,200,160000
20240202,12:42:44,1.15,2000,160000
20240202,12:42:52,1.15,50,160000
20240202,12:42:53,1.15,50,160000
20240202,12:43:01,1.15,50,160000
20240202,12:43:12,1.2,2500,160000
20240202,12:43:12,1.2,900,160000
20240202,12:43:13,1.2,2100,160000
20240202,12:43:19,1.2,3000,160000
20240202,12:43:33,1.2,1800,160000
20240202,12:43:34,1.2,4350,160000
20240202,12:43:36,1.2,2000,160000
20240202,12:43:38,1.2,50,160000
20240202,12:43:41,1.2,200,160000
20240202,12:44:00,1.2,300,160000
20240202,12:44:02,1.2,1500,160000
20240202,12:44:15,1.2,350,160000
20240202,12:44:19,1.2,2050,160000
20240202,12:44:27,1.2,1500,160000
20240202,12:44:28,1.2,150,160000
20240202,12:45:04,1.2,1200,155150
20240202,12:45:10,1.25,250,155150
20240202,12:45:29,1.25,450,155150
20240202,12:45:43,1.2,1200,155150
20240202,12:45:44,1.25,200,155150
20240202,12:46:09,1.2,3500,155150
20240202,12:46:28,1.2,500,155150
20240202,12:46:31,1.2,100,155150
20240202,12:46:39,1.25,900,155150
20240202,12:46:41,1.2,50,155150
20240202,12:46:43,1.25,50,155150
20240202,12:47:08,1.2,50,155150
20240202,12:47:10,1.2,1000,155150
20240202,12:47:19,1.25,50,155150
20240202,12:47:25,1.2,5950,155150
20240202,12:47:36,1.2,6550,155150
20240202,12:47:38,1.2,350,155150
20240202,12:47:55,1.2,950,155050
20240202,12:48:00,1.2,700,155050
20240202,12:48:08,1.15,10500,155050
20240202,12:48:10,1.25,50,155050
20240202,12:48:17,1.2,2750,155050
20240202,12:48:17,1.2,1000,155050
20240202,12:48:19,1.2,450,155050
20240202,12:48:27,1.2,1000,155050
20240202,12:48:30,1.2,1550,155050
20240202,12:48:31,1.2,1700,155050
20240202,12:48:32,1.2,50,155050
20240202,12:48:33,1.2,200,155050
20240202,12:48:34,1.2,200,155050
20240202,12:48:36,1.2,1000,155050
20240202,12:48:49,1.2,500,155050
20240202,12:48:57,1.2,3850,155050
20240202,12:48:58,1.2,1000,155050
20240202,12:49:20,1.2,50,155050
20240202,12:49:30,1.2,50,155050
20240202,12:49:31,1.2,50,155050
20240202,12:49:32,1.2,50,155050
20240202,12:49:33,1.2,50,155050
20240202,12:49:36,1.2,3400,155050
20240202,12:49:38,1.2,2050,155050
20240202,12:49:43,1.25,50,155050
20240202,12:49:46,1.2,1000,155050
20240202,12:49:47,1.25,50,155050
20240202,12:49:58,1.2,3100,155050
20240202,12:50:10,1.2,50,155050
20240202,12:50:11,1.2,50,155050
20240202,12:50:12,1.2,50,155050
20240202,12:50:13,1.2,50,155050
20240202,12:50:14,1.2,50,155050
20240202,12:50:15,1.2,200,155050
20240202,12:50:16,1.2,150,155050
20240202,12:50:18,1.15,50,155050
20240202,12:50:19,1.15,50,155050
20240202,12:50:20,1.15,50,155050
20240202,12:50:21,1.15,200,155050
20240202,12:50:23,1.15,400,155050
20240202,12:50:24,1.15,200,155050
20240202,12:50:25,1.15,200,155050
20240202,12:50:26,1.15,200,155050
20240202,12:50:27,1.15,200,155050
20240202,12:50:28,1.15,200,155050
20240202,12:50:29,1.15,200,155050
20240202,12:50:30,1.15,200,155050
20240202,12:50:31,1.15,600,155050
20240202,12:50:32,1.15,350,155050
20240202,12:50:33,1.15,200,155050
20240202,12:50:34,1.15,200,155050
20240202,12:50:35,1.15,750,155050
20240202,12:50:36,1.15,200,155050
20240202,12:50:37,1.15,200,155050
20240202,12:50:38,1.15,200,155050
20240202,12:50:39,1.15,200,155050
20240202,12:50:40,1.15,150,155050
20240202,12:50:41,1.15,150,144450
20240202,12:50:42,1.15,150,144450
20240202,12:50:43,1.15,150,144450
20240202,12:50:44,1.15,150,144450
20240202,12:50:45,1.15,150,144450
20240202,12:50:46,1.15,100,144450
20240202,12:50:50,1.2,50,144450
20240202,12:51:04,1.15,50,144450
20240202,12:51:14,1.2,50,144450
20240202,12:51:39,1.2,50,144450
20240202,12:51:40,1.2,100,144450
20240202,12:51:41,1.2,150,144450
20240202,12:51:43,1.2,50,144450
20240202,12:51:44,1.2,50,144450
20240202,12:51:45,1.2,50,144450
20240202,12:51:46,1.2,100,144450
20240202,12:51:47,1.2,50,144450
20240202,12:51:48,1.2,50,144450
20240202,12:51:49,1.2,150,144450
20240202,12:51:50,1.2,150,144450
20240202,12:51:51,1.2,150,144450
20240202,12:51:52,1.2,150,144450
20240202,12:51:53,1.2,50,144450
20240202,12:51:54,1.2,150,144450
20240202,12:51:55,1.2,150,144450
20240202,12:51:56,1.2,150,144450
20240202,12:51:57,1.2,150,144450
20240202,12:51:58,1.2,150,144450
20240202,12:51:59,1.2,150,144450
20240202,12:52:00,1.2,50,144450
20240202,12:52:01,1.2,50,144450
20240202,12:52:02,1.2,50,144450
20240202,12:52:03,1.2,50,144450
20240202,12:52:04,1.2,400,144450
20240202,12:52:05,1.2,150,144450
20240202,12:52:06,1.2,200,144450
20240202,12:52:07,1.2,200,144450
20240202,12:52:08,1.2,50,144450
20240202,12:52:09,1.2,50,144450
20240202,12:52:10,1.2,50,144450
20240202,12:52:11,1.2,50,144450
20240202,12:52:12,1.2,50,144450
20240202,12:52:13,1.2,100,144450
20240202,12:52:14,1.2,50,144450
20240202,12:52:15,1.2,50,144450
20240202,12:52:16,1.2,50,144450
20240202,12:52:17,1.2,50,144450
20240202,12:52:18,1.2,300,144450
20240202,12:52:19,1.2,50,144450
20240202,12:52:20,1.2,50,144450
20240202,12:52:21,1.2,50,144450
20240202,12:52:22,1.2,50,144450
20240202,12:52:23,1.2,50,144450
20240202,12:52:24,1.2,50,144450
20240202,12:52:25,1.2,50,144450
20240202,12:52:26,1.2,50,144450
20240202,12:52:27,1.2,50,144450
20240202,12:53:19,1.2,200,144450
20240202,12:53:21,1.2,50,144450
20240202,12:53:25,1.2,50,144450
20240202,12:53:26,1.2,50,144450
20240202,12:53:27,1.2,50,144450
20240202,12:53:29,1.2,50,144450
20240202,12:53:30,1.2,50,144450
20240202,12:53:31,1.2,50,144450
20240202,12:53:32,1.2,50,144450
20240202,12:53:33,1.2,50,144450
20240202,12:53:34,1.2,50,144450
20240202,12:53:35,1.2,50,144450
20240202,12:53:36,1.2,50,144450
20240202,12:53:37,1.2,200,144450
20240202,12:53:38,1.2,200,144450
20240202,12:53:39,1.2,200,144450
20240202,12:53:40,1.2,100,144450
20240202,12:53:41,1.2,50,149750
20240202,12:53:42,1.2,50,149750
20240202,12:53:43,1.2,50,149750
20240202,12:53:44,1.15,250,149750
20240202,12:53:45,1.2,2000,149750
20240202,12:53:46,1.2,50,149750
20240202,12:53:48,1.2,50,149750
20240202,12:54:06,1.15,50,149750
20240202,12:54:12,1.15,50,149750
20240202,12:55:00,1.15,200,149750
20240202,12:56:18,1.2,100,149750
20240202,12:56:19,1.2,50,149750
20240202,12:56:20,1.2,50,149750
20240202,12:56:22,1.2,100,149750
20240202,12:56:23,1.2,50,149750
20240202,12:56:25,1.2,50,149750
20240202,12:56:26,1.2,400,149750
20240202,12:56:27,1.2,200,149750
20240202,12:56:28,1.2,200,149750
20240202,12:56:29,1.2,50,149750
20240202,12:56:30,1.2,50,149750
20240202,12:56:31,1.2,50,149750
20240202,12:56:32,1.2,50,149750
20240202,12:56:33,1.2,200,149750
20240202,12:56:34,1.2,200,149750
20240202,12:56:35,1.2,200,149750
20240202,12:56:36,1.2,200,149750
20240202,12:56:37,1.2,50,149750
20240202,12:56:38,1.2,50,149750
20240202,12:56:39,1.2,50,149750
20240202,12:56:40,1.2,50,149750
20240202,12:56:41,1.2,50,149750
20240202,12:56:42,1.2,50,152450
20240202,12:56:43,1.2,50,152450
20240202,12:56:44,1.2,50,152450
20240202,12:56:45,1.2,50,152450
20240202,12:56:46,1.2,50,152450
20240202,12:56:47,1.2,50,152450
20240202,12:56:48,1.2,50,152450
20240202,12:56:49,1.2,50,152450
20240202,12:56:50,1.2,100,152450
20240202,12:56:51,1.2,50,152450
20240202,12:56:52,1.2,50,152450
20240202,12:56:56,1.2,50,152450
20240202,12:56:57,1.2,50,152450
20240202,12:56:59,1.2,50,152450
20240202,12:57:00,1.2,100,152450
20240202,12:57:07,1.15,500,152450
20240202,12:57:43,1.15,50,152450
20240202,12:58:56,1.2,50,152450
20240202,12:59:11,1.2,50,152450
20240202,12:59:29,1.15,50,152450
20240202,12:59:30,1.15,50,152450
20240202,12:59:31,1.15,50,152450
20240202,12:59:32,1.15,100,152450
20240202,12:59:33,1.15,50,152450
20240202,12:59:34,1.15,50,152450
20240202,12:59:35,1.15,50,152450
20240202,12:59:36,1.15,50,152450
20240202,12:59:37,1.15,100,152450
20240202,12:59:38,1.15,50,152450
20240202,12:59:39,1.15,50,152450
20240202,12:59:40,1.15,200,152450
20240202,12:59:41,1.15,200,152450
20240202,12:59:42,1.15,50,152450
20240202,12:59:43,1.15,50,152000
20240202,12:59:44,1.15,50,152000
20240202,12:59:45,1.15,50,152000
20240202,12:59:46,1.15,50,152000
20240202,12:59:47,1.15,50,152000
20240202,12:59:48,1.15,50,152000
20240202,12:59:49,1.15,50,152000
20240202,12:59:50,1.15,50,152000
20240202,12:59:51,1.15,50,152000
20240202,12:59:52,1.15,50,152000
20240202,12:59:53,1.15,50,152000
20240202,12:59:54,1.15,50,152000
20240202,12:59:55,1.15,50,152000
20240202,12:59:56,1.15,50,152000
20240202,12:59:57,1.15,50,152000
20240202,12:59:58,1.15,50,152000
20240202,12:59:59,1.15,50,152000
20240202,13:00:00,1.15,100,152000
20240202,13:00:01,1.15,50,152000
20240202,13:00:02,1.15,250,152000
20240202,13:00:03,1.15,200,152000
20240202,13:00:04,1.15,200,152000
20240202,13:00:05,1.15,50,152000
20240202,13:00:06,1.15,750,152000
20240202,13:00:07,1.15,50,152000
20240202,13:00:08,1.15,200,152000
20240202,13:00:09,1.15,200,152000
20240202,13:00:10,1.15,200,152000
20240202,13:00:11,1.15,50,152000
20240202,13:00:12,1.15,300,152000
20240202,13:00:13,1.15,200,152000
20240202,13:00:14,1.15,200,152000
20240202,13:00:15,1.15,250,152000
20240202,13:00:16,1.15,50,152000
20240202,13:00:17,1.15,100,152000
20240202,13:00:18,1.15,50,152000
20240202,13:00:19,1.15,50,152000
20240202,13:00:20,1.15,50,152000
20240202,13:00:21,1.1,200,152000
20240202,13:00:22,1.15,2300,152000
20240202,13:00:23,1.1,200,152000
20240202,13:00:24,1.1,200,152000
20240202,13:00:25,1.1,50,152000
20240202,13:00:26,1.1,50,152000
20240202,13:00:27,1.1,50,152000
20240202,13:00:28,1.1,50,152000
20240202,13:00:29,1.1,200,152000
20240202,13:00:30,1.1,200,152000
20240202,13:00:31,1.1,200,152000
20240202,13:00:36,1.15,750,152000
20240202,13:01:32,1.15,50,152000
20240202,13:01:37,1.15,50,152000
20240202,13:02:23,1.15,50,152000
20240202,13:02:27,1.1,50,152000
20240202,13:04:11,1.15,50,148050
20240202,13:04:45,1.15,50,148050
20240202,13:04:47,1.15,100,148050
20240202,13:05:54,1.15,50,148250
20240202,13:06:13,1.1,50,148250
20240202,13:06:46,1.15,50,148250
20240202,13:07:19,1.1,150,148250
20240202,13:07:24,1.15,50,148250
20240202,13:07:33,1.1,50,148250
20240202,13:07:45,1.1,50,148250
20240202,13:08:07,1.1,50,148250
20240202,13:08:14,1.1,50,148250
20240202,13:08:33,1.15,1000,148250
20240202,13:08:59,1.1,50,148300
20240202,13:09:06,1.1,1000,148300
20240202,13:09:18,1.1,50,148300
20240202,13:10:03,1.15,50,148300
20240202,13:10:18,1.15,50,148300
20240202,13:10:33,1.1,50,148300
20240202,13:11:57,1.15,5450,147300
20240202,13:12:04,1.15,50,147300
20240202,13:12:10,1.15,50,147300
20240202,13:12:46,1.15,5950,147300
20240202,13:12:47,1.15,50,147300
20240202,13:12:50,1.15,200,147300
20240202,13:12:52,1.15,200,147300
20240202,13:13:02,1.15,250,147300
20240202,13:14:10,1.2,1900,147300
20240202,13:14:15,1.2,50,147300
20240202,13:14:18,1.2,1200,147300
20240202,13:14:20,1.2,250,147300
20240202,13:14:21,1.15,50,147300
20240202,13:14:22,1.15,50,147300
20240202,13:14:23,1.15,50,147300
20240202,13:14:24,1.15,50,147300
20240202,13:14:25,1.15,50,147300
20240202,13:14:26,1.15,50,147300
20240202,13:14:27,1.15,50,147300
20240202,13:14:28,1.15,50,147300
20240202,13:14:29,1.15,50,147300
20240202,13:14:43,1.15,50,147300
20240202,13:14:44,1.15,200,142400
20240202,13:14:45,1.15,200,142400
20240202,13:14:46,1.15,200,142400
20240202,13:15:34,1.2,50,142400
20240202,13:15:45,1.2,50,142400
20240202,13:15:55,1.2,5250,142400
20240202,13:15:57,1.2,400,142400
20240202,13:15:59,1.2,50,142400
20240202,13:16:01,1.2,1350,142400
20240202,13:16:09,1.2,100,142400
20240202,13:16:10,1.2,200,142400
20240202,13:16:11,1.2,200,142400
20240202,13:16:12,1.2,200,142400
20240202,13:16:13,1.2,200,142400
20240202,13:16:14,1.2,200,142400
20240202,13:16:16,1.2,400,142400
20240202,13:16:17,1.2,200,142400
20240202,13:16:18,1.2,200,142400
20240202,13:16:19,1.2,400,142400
20240202,13:16:20,1.2,200,142400
20240202,13:16:21,1.2,200,142400
20240202,13:16:22,1.2,4600,142400
20240202,13:16:23,1.2,450,142400
20240202,13:16:24,1.25,200,142400
20240202,13:16:25,1.25,250,142400
20240202,13:16:26,1.25,250,142400
20240202,13:16:27,1.25,200,142400
20240202,13:16:28,1.25,200,142400
20240202,13:16:29,1.25,200,142400
20240202,13:16:30,1.25,200,142400
20240202,13:16:31,1.25,50,142400
20240202,13:16:32,1.25,200,142400
20240202,13:16:33,1.25,200,142400
20240202,13:16:35,1.25,400,142400
20240202,13:16:36,1.25,200,142400
20240202,13:16:37,1.25,200,142400
20240202,13:16:38,1.25,200,142400
20240202,13:16:39,1.25,200,142400
20240202,13:16:40,1.25,200,142400
20240202,13:16:42,1.25,400,142400
20240202,13:16:43,1.25,200,142400
20240202,13:16:44,1.25,200,142400
20240202,13:16:45,1.25,200,142400
20240202,13:16:46,1.25,200,142400
20240202,13:16:47,1.25,200,142400
20240202,13:16:49,1.25,400,142400
20240202,13:16:50,1.25,200,142400
20240202,13:16:51,1.25,1150,142400
20240202,13:16:53,1.25,100,142400
20240202,13:16:54,1.25,50,142400
20240202,13:16:55,1.25,50,142400
20240202,13:16:56,1.25,50,142400
20240202,13:16:57,1.25,200,142400
20240202,13:16:58,1.2,250,142400
20240202,13:16:59,1.25,200,142400
20240202,13:17:01,1.25,400,142400
20240202,13:17:02,1.25,50,142400
20240202,13:17:03,1.25,50,142400
20240202,13:17:04,1.25,450,142400
20240202,13:17:05,1.25,200,142400
20240202,13:17:06,1.25,200,142400
20240202,13:17:07,1.25,200,142400
20240202,13:17:08,1.25,200,142400
20240202,13:17:09,1.25,200,142400
20240202,13:17:10,1.25,200,142400
20240202,13:17:11,1.25,200,142400
20240202,13:17:12,1.25,50,142400
20240202,13:17:13,1.25,50,142400
20240202,13:17:15,1.25,50,142400
20240202,13:17:16,1.25,100,142400
20240202,13:17:17,1.25,50,142400
20240202,13:17:19,1.25,100,142400
20240202,13:17:20,1.25,50,142400
20240202,13:17:21,1.25,50,142400
20240202,13:17:22,1.25,200,142400
20240202,13:17:23,1.25,200,142400
20240202,13:17:24,1.25,50,142400
20240202,13:17:25,1.25,50,142400
20240202,13:17:27,1.25,100,142400
20240202,13:17:28,1.25,450,142400
20240202,13:17:29,1.25,50,142400
20240202,13:17:30,1.25,50,142400
20240202,13:17:31,1.25,50,142400
20240202,13:17:32,1.25,50,142400
20240202,13:17:33,1.25,50,142400
20240202,13:17:34,1.25,50,142400
20240202,13:17:36,1.25,100,142400
20240202,13:17:37,1.25,50,142400
20240202,13:17:38,1.25,50,142400
20240202,13:17:39,1.25,50,142400
20240202,13:17:40,1.25,50,142400
20240202,13:17:42,1.25,100,142400
20240202,13:17:43,1.25,50,142400
20240202,13:17:44,1.25,50,153200
20240202,13:17:45,1.25,50,153200
20240202,13:17:48,1.2,150,153200
20240202,13:17:56,1.25,50,153200
20240202,13:17:57,1.25,50,153200
20240202,13:17:58,1.25,50,153200
20240202,13:17:59,1.25,50,153200
20240202,13:18:00,1.25,50,153200
20240202,13:18:02,1.25,100,153200
20240202,13:18:03,1.25,50,153200
20240202,13:18:04,1.25,50,153200
20240202,13:18:05,1.25,50,153200
20240202,13:18:07,1.25,100,153200
20240202,13:18:08,1.25,100,153200
20240202,13:18:09,1.25,50,153200
20240202,13:18:57,1.25,6950,153200
20240202,13:19:10,1.25,50,153200
20240202,13:19:13,1.2,850,153200
20240202,13:19:24,1.25,50,153200
20240202,13:19:46,1.25,50,153200
20240202,13:20:05,1.2,150,153200
20240202,13:21:19,1.2,50,150450
20240202,13:21:45,1.2,200,150450
20240202,13:21:47,1.2,50,150450
20240202,13:22:11,1.2,250,150450
20240202,13:22:32,1.25,50,150450
20240202,13:22:43,1.2,50,150450
20240202,13:23:15,1.25,50,150450
20240202,13:23:48,1.25,50,149950
20240202,13:24:30,1.25,50,149950
20240202,13:25:03,1.2,100,149950
20240202,13:25:18,1.25,50,149950
20240202,13:25:29,1.25,50,149950
20240202,13:25:44,1.2,650,149950
20240202,13:25:57,1.25,50,149950
20240202,13:26:03,1.2,50,149950
20240202,13:26:04,1.2,200,149950
20240202,13:26:05,1.2,200,149950
20240202,13:26:06,1.2,200,149950
20240202,13:26:08,1.2,50,149950
20240202,13:26:09,1.2,50,149950
20240202,13:26:28,1.25,50,149950
20240202,13:26:30,1.2,50,149950
20240202,13:26:46,1.25,50,150900
20240202,13:26:47,1.25,50,150900
20240202,13:26:48,1.25,50,150900
20240202,13:26:49,1.25,50,150900
20240202,13:26:50,1.25,200,150900
20240202,13:26:51,1.25,200,150900
20240202,13:26:52,1.2,300,150900
20240202,13:26:53,1.25,200,150900
20240202,13:26:54,1.25,200,150900
20240202,13:26:55,1.25,50,150900
20240202,13:26:56,1.25,50,150900
20240202,13:26:57,1.25,50,150900
20240202,13:26:58,1.25,50,150900
20240202,13:27:00,1.25,400,150900
20240202,13:27:00,1.25,50,150900
20240202,13:27:01,1.25,200,150900
20240202,13:27:02,1.25,200,150900
20240202,13:27:08,1.25,50,150900
20240202,13:27:09,1.25,50,150900
20240202,13:27:10,1.25,50,150900
20240202,13:27:11,1.25,50,150900
20240202,13:27:12,1.25,50,150900
20240202,13:27:13,1.25,50,150900
20240202,13:27:14,1.25,50,150900
20240202,13:27:15,1.25,50,150900
20240202,13:27:16,1.25,50,150900
20240202,13:27:17,1.25,50,150900
20240202,13:27:18,1.25,50,150900
20240202,13:27:20,1.25,100,150900
20240202,13:27:21,1.25,50,150900
20240202,13:27:46,1.25,50,150900
20240202,13:28:19,1.25,50,150900
20240202,13:28:34,1.25,500,150900
20240202,13:28:59,1.25,50,150900
20240202,13:29:19,1.2,50,150900
20240202,13:29:39,1.2,450,150900
20240202,13:30:53,1.25,50,154050
20240202,13:31:10,1.2,50,154050
20240202,13:31:11,1.2,50,154050
20240202,13:31:12,1.2,50,154050
20240202,13:31:13,1.2,50,154050
20240202,13:31:14,1.2,50,154050
20240202,13:31:15,1.2,50,154050
20240202,13:31:16,1.2,50,154050
20240202,13:31:17,1.2,50,154050
20240202,13:31:18,1.2,50,154050
20240202,13:31:19,1.2,50,154050
20240202,13:31:20,1.2,50,154050
20240202,13:31:21,1.2,50,154050
20240202,13:31:22,1.2,50,154050
20240202,13:31:23,1.2,50,154050
20240202,13:31:24,1.2,100,154050
20240202,13:31:25,1.2,50,154050
20240202,13:31:26,1.2,50,154050
20240202,13:31:27,1.2,50,154050
20240202,13:31:28,1.2,50,154050
20240202,13:31:29,1.2,50,154050
20240202,13:31:30,1.2,50,154050
20240202,13:31:31,1.2,50,154050
20240202,13:31:32,1.2,50,154050
20240202,13:31:33,1.2,50,154050
20240202,13:31:34,1.2,50,154050
20240202,13:31:35,1.2,50,154050
20240202,13:31:36,1.2,50,154050
20240202,13:31:37,1.2,50,154050
20240202,13:31:38,1.2,50,154050
20240202,13:31:39,1.2,50,154050
20240202,13:31:40,1.2,50,154050
20240202,13:31:41,1.2,50,154050
20240202,13:31:42,1.2,6450,154050
20240202,13:31:43,1.2,50,154050
20240202,13:31:44,1.2,200,154050
20240202,13:31:45,1.2,200,154050
20240202,13:31:46,1.2,200,154050
20240202,13:31:47,1.25,450,154050
20240202,13:31:48,1.2,200,154050
20240202,13:31:49,1.2,200,154050
20240202,13:31:50,1.2,200,154050
20240202,13:31:51,1.2,200,154050
20240202,13:31:52,1.2,50,154050
20240202,13:31:53,1.2,50,154050
20240202,13:31:54,1.2,200,154050
20240202,13:31:55,1.2,200,154050
20240202,13:31:56,1.2,250,154050
20240202,13:31:57,1.2,200,154050
20240202,13:31:58,1.2,200,154050
20240202,13:31:59,1.2,200,154050
20240202,13:32:00,1.2,200,154050
20240202,13:32:01,1.2,200,154050
20240202,13:32:02,1.2,200,154050
20240202,13:32:03,1.2,200,154050
20240202,13:32:04,1.2,200,154050
20240202,13:32:05,1.2,50,154050
20240202,13:32:06,1.2,50,154050
20240202,13:32:07,1.2,50,154050
20240202,13:32:08,1.2,50,154050
20240202,13:32:09,1.2,50,154050
20240202,13:32:10,1.2,50,154050
20240202,13:32:11,1.2,200,154050
20240202,13:32:12,1.2,200,154050
20240202,13:32:13,1.2,550,154050
20240202,13:32:14,1.2,50,154050
20240202,13:32:15,1.2,50,154050
20240202,13:32:16,1.2,50,154050
20240202,13:32:17,1.15,1150,154050
20240202,13:32:18,1.15,50,154050
20240202,13:32:19,1.15,50,154050
20240202,13:32:20,1.15,50,154050
20240202,13:32:21,1.15,50,154050
20240202,13:32:22,1.15,50,154050
20240202,13:32:23,1.15,50,154050
20240202,13:32:24,1.15,50,154050
20240202,13:32:25,1.15,50,154050
20240202,13:32:26,1.15,50,154050
20240202,13:32:27,1.15,50,154050
20240202,13:32:28,1.15,100,154050
20240202,13:33:09,1.2,400,147750
20240202,13:33:20,1.2,50,147750
20240202,13:33:22,1.2,50,147750
20240202,13:33:42,1.2,100,147750
20240202,13:33:45,1.2,200,147750
20240202,13:33:46,1.2,50,147750
20240202,13:34:03,1.15,50,147750
20240202,13:34:11,1.15,1900,147750
20240202,13:34:15,1.15,50,147750
20240202,13:34:16,1.15,50,147750
20240202,13:34:29,1.15,50,147750
20240202,13:34:51,1.2,50,147750
20240202,13:34:52,1.15,100,147750
20240202,13:34:53,1.2,50,147750
20240202,13:34:54,1.2,50,147750
20240202,13:34:55,1.2,50,147750
20240202,13:34:56,1.2,50,147750
20240202,13:34:57,1.2,50,147750
20240202,13:34:58,1.2,50,147750
20240202,13:34:59,1.2,50,147750
20240202,13:35:00,1.2,50,147750
20240202,13:35:01,1.2,50,147750
20240202,13:35:02,1.2,50,147750
20240202,13:35:03,1.2,50,147750
20240202,13:35:04,1.2,50,147750
20240202,13:35:05,1.2,50,147750
20240202,13:35:06,1.2,50,147750
20240202,13:35:07,1.2,50,147750
20240202,13:35:08,1.2,50,147750
20240202,13:35:09,1.2,50,147750
20240202,13:35:10,1.2,50,147750
20240202,13:35:11,1.2,50,147750
20240202,13:35:12,1.2,50,147750
20240202,13:35:18,1.2,50,147750
20240202,13:35:20,1.2,100,147750
20240202,13:35:22,1.2,250,147750
20240202,13:35:23,1.2,300,147750
20240202,13:35:24,1.25,50,147750
20240202,13:35:25,1.25,50,147750
20240202,13:35:26,1.25,50,147750
20240202,13:35:27,1.25,50,147750
20240202,13:35:28,1.25,150,147750
20240202,13:35:29,1.25,50,147750
20240202,13:35:30,1.25,50,147750
20240202,13:35:31,1.25,50,147750
20240202,13:35:32,1.25,50,147750
20240202,13:35:33,1.25,50,147750
20240202,13:35:34,1.25,50,147750
20240202,13:35:35,1.25,50,147750
20240202,13:35:36,1.25,50,147750
20240202,13:35:37,1.25,50,147750
20240202,13:35:38,1.25,50,147750
20240202,13:35:39,1.25,50,147750
20240202,13:35:40,1.25,50,147750
20240202,13:35:41,1.25,50,147750
20240202,13:35:42,1.25,50,147750
20240202,13:35:43,1.25,200,147750
20240202,13:35:44,1.25,200,147750
20240202,13:35:45,1.25,50,147750
20240202,13:35:46,1.25,50,147750
20240202,13:35:47,1.25,50,151900
20240202,13:35:48,1.25,50,151900
20240202,13:35:49,1.25,50,151900
20240202,13:35:50,1.25,50,151900
20240202,13:35:51,1.25,200,151900
20240202,13:35:52,1.25,200,151900
20240202,13:35:53,1.25,50,151900
20240202,13:35:54,1.25,50,151900
20240202,13:35:55,1.2,400,151900
20240202,13:35:56,1.25,200,151900
20240202,13:35:57,1.25,200,151900
20240202,13:35:58,1.25,200,151900
20240202,13:35:59,1.25,200,151900
20240202,13:36:00,1.25,50,151900
20240202,13:36:01,1.25,50,151900
20240202,13:36:02,1.25,50,151900
20240202,13:36:03,1.25,50,151900
20240202,13:36:04,1.25,50,151900
20240202,13:36:05,1.25,50,151900
20240202,13:36:06,1.25,50,151900
20240202,13:36:07,1.25,50,151900
20240202,13:36:08,1.25,50,151900
20240202,13:36:10,1.25,1000,151900
20240202,13:36:12,1.25,50,151900
20240202,13:36:13,1.25,50,151900
20240202,13:36:14,1.25,50,151900
20240202,13:36:15,1.25,50,151900
20240202,13:36:16,1.25,50,151900
20240202,13:36:17,1.25,50,151900
20240202,13:36:18,1.25,50,151900
20240202,13:36:19,1.25,50,151900
20240202,13:36:20,1.25,50,151900
20240202,13:36:21,1.25,50,151900
20240202,13:36:22,1.25,50,151900
20240202,13:36:23,1.25,50,151900
20240202,13:36:24,1.25,50,151900
20240202,13:36:25,1.25,50,151900
20240202,13:36:26,1.25,50,151900
20240202,13:36:27,1.25,50,151900
20240202,13:36:28,1.25,50,151900
20240202,13:36:29,1.25,50,151900
20240202,13:36:30,1.25,50,151900
20240202,13:36:31,1.25,50,151900
20240202,13:36:50,1.25,50,151900
20240202,13:36:54,1.25,100,151900
20240202,13:36:55,1.25,100,151900
20240202,13:36:56,1.25,350,151900
20240202,13:37:00,1.25,50,151900
20240202,13:37:01,1.2,650,151900
20240202,13:37:02,1.25,50,151900
20240202,13:37:15,1.25,50,151900
20240202,13:37:17,1.25,50,151900
20240202,13:37:21,1.25,50,151900
20240202,13:37:22,1.25,50,151900
20240202,13:37:23,1.25,300,151900
20240202,13:37:24,1.25,50,151900
20240202,13:37:25,1.25,50,151900
20240202,13:37:26,1.25,50,151900
20240202,13:37:27,1.25,50,151900
20240202,13:37:28,1.25,50,151900
20240202,13:37:29,1.25,50,151900
20240202,13:37:56,1.2,50,151900
20240202,13:38:34,1.2,5900,151900
20240202,13:38:35,1.2,750,151900
20240202,13:38:36,1.2,750,151900
20240202,13:38:40,1.2,50,151900
20240202,13:38:54,1.2,50,153800
20240202,13:38:58,1.2,50,153800
20240202,13:39:22,1.2,50,153800
20240202,13:39:26,1.2,50,153800
20240202,13:39:27,1.2,50,153800
20240202,13:39:33,1.2,100,153800
20240202,13:39:42,1.2,50,153800
20240202,13:39:52,1.2,50,153800
20240202,13:40:03,1.2,50,153800
20240202,13:40:06,1.2,50,153800
20240202,13:40:16,1.2,50,153800
20240202,13:40:17,1.2,50,153800
20240202,13:40:23,1.2,50,153800
20240202,13:41:07,1.2,50,153800
20240202,13:41:33,1.2,1000,153800
20240202,13:41:36,1.15,1100,153800
20240202,13:41:39,1.2,50,153800
20240202,13:41:51,1.2,50,153800
20240202,13:42:48,1.2,50,153550
20240202,13:43:22,1.15,50,153550
20240202,13:43:23,1.2,150,153550
20240202,13:43:32,1.2,2000,153550
20240202,13:43:34,1.2,800,153550
20240202,13:43:59,1.2,1500,153550
20240202,13:44:04,1.2,9450,153550
20240202,13:44:05,1.2,500,153550
20240202,13:44:06,1.2,250,153550
20240202,13:44:23,1.2,150,153550
20240202,13:44:41,1.25,50,153550
20240202,13:45:12,1.2,50,147400
20240202,13:45:19,1.2,50,147400
20240202,13:45:25,1.2,3000,147400
20240202,13:45:45,1.2,500,147400
20240202,13:45:52,1.25,50,147400
20240202,13:46:07,1.2,1000,147400
20240202,13:46:13,1.2,50,147400
20240202,13:46:45,1.2,1800,147400
20240202,13:46:46,1.2,150,147400
20240202,13:47:17,1.2,3500,147400
20240202,13:47:44,1.2,600,147400
20240202,13:48:27,1.2,3050,153350
20240202,13:48:29,1.2,50,153350
20240202,13:48:30,1.2,500,153350
20240202,13:48:31,1.2,250,153350
20240202,13:48:32,1.2,50,153350
20240202,13:49:09,1.2,50,153350
20240202,13:49:16,1.2,50,153350
20240202,13:49:46,1.15,250,153350
20240202,13:49:53,1.15,50,153350
20240202,13:49:54,1.15,50,153350
20240202,13:49:55,1.15,50,153350
20240202,13:49:56,1.15,50,153350
20240202,13:49:57,1.15,50,153350
20240202,13:49:58,1.15,50,153350
20240202,13:49:59,1.15,50,153350
20240202,13:50:00,1.15,50,153350
20240202,13:50:01,1.15,1050,153350
20240202,13:50:02,1.15,50,153350
20240202,13:50:03,1.15,50,153350
20240202,13:50:04,1.15,50,153350
20240202,13:50:05,1.15,50,153350
20240202,13:50:06,1.15,50,153350
20240202,13:50:07,1.15,50,153350
20240202,13:50:08,1.15,50,153350
20240202,13:50:09,1.15,50,153350
20240202,13:50:10,1.15,50,153350
20240202,13:50:11,1.15,50,153350
20240202,13:50:12,1.15,50,153350
20240202,13:50:13,1.15,50,153350
20240202,13:50:14,1.15,50,153350
20240202,13:50:15,1.2,100,153350
20240202,13:50:16,1.15,50,153350
20240202,13:50:17,1.15,50,153350
20240202,13:50:18,1.15,50,153350
20240202,13:50:19,1.15,50,153350
20240202,13:50:20,1.15,50,153350
20240202,13:50:21,1.15,50,153350
20240202,13:50:22,1.15,50,153350
20240202,13:50:23,1.15,50,153350
20240202,13:50:24,1.15,50,153350
20240202,13:50:25,1.2,100,153350
20240202,13:50:26,1.15,50,153350
20240202,13:50:27,1.15,50,153350
20240202,13:50:28,1.15,50,153350
20240202,13:50:29,1.15,50,153350
20240202,13:50:30,1.15,50,153350
20240202,13:50:31,1.15,50,153350
20240202,13:50:32,1.15,50,153350
20240202,13:50:33,1.15,50,153350
20240202,13:50:34,1.15,50,153350
20240202,13:50:35,1.15,50,153350
20240202,13:50:36,1.15,50,153350
20240202,13:50:38,1.15,100,153350
20240202,13:50:39,1.15,50,153350
20240202,13:50:46,1.15,50,153350
20240202,13:50:47,1.15,50,153350
20240202,13:50:49,1.15,100,153350
20240202,13:50:50,1.15,200,153900
20240202,13:50:51,1.15,200,153900
20240202,13:50:53,1.15,250,153900
20240202,13:50:54,1.15,50,153900
20240202,13:50:55,1.15,50,153900
20240202,13:50:56,1.15,50,153900
20240202,13:50:57,1.15,50,153900
20240202,13:50:58,1.15,50,153900
20240202,13:50:59,1.15,200,153900
20240202,13:51:01,1.15,400,153900
20240202,13:51:02,1.15,500,153900
20240202,13:51:03,1.15,50,153900
20240202,13:51:04,1.15,50,153900
20240202,13:51:05,1.15,50,153900
20240202,13:51:06,1.15,200,153900
20240202,13:51:07,1.15,200,153900
20240202,13:51:09,1.15,200,153900
20240202,13:51:11,1.15,50,153900
20240202,13:51:12,1.15,50,153900
20240202,13:51:14,1.15,50,153900
20240202,13:51:19,1.15,1500,153900
20240202,13:51:21,1.15,50,153900
20240202,13:51:22,1.15,50,153900
20240202,13:51:23,1.15,50,153900
20240202,13:51:26,1.15,50,153900
20240202,13:51:27,1.15,50,153900
20240202,13:51:32,1.15,50,153900
20240202,13:51:34,1.15,100,153900
20240202,13:51:35,1.15,50,153900
20240202,13:51:36,1.15,50,153900
20240202,13:51:37,1.15,50,153900
20240202,13:51:38,1.15,50,153900
20240202,13:51:39,1.15,50,153900
20240202,13:51:40,1.15,50,153900
20240202,13:51:41,1.15,50,153900
20240202,13:51:43,1.15,50,153900
20240202,13:51:44,1.15,50,153900
20240202,13:51:57,1.15,50,153900
20240202,13:52:13,1.2,50,153900
20240202,13:53:09,1.15,6050,153900
20240202,13:53:09,1.15,2050,153900
20240202,13:53:56,1.15,50,153900
20240202,13:54:16,1.15,250,159500
20240202,13:54:55,1.15,50,159500
20240202,13:55:21,1.2,200,159500
20240202,13:55:30,1.2,800,159500
20240202,13:56:01,1.2,50,159500
20240202,13:56:03,1.2,100,159500
20240202,13:56:31,1.2,50,159500
20240202,13:57:15,1.2,50,158000
20240202,13:57:57,1.15,50,158000
20240202,13:58:00,1.15,50,158000
20240202,13:58:01,1.15,50,158000
20240202,13:58:02,1.15,50,158000
20240202,13:58:03,1.15,50,158000
