date,time,tick_price,volume,open_interest
20231128,13:32:02,18.0,50,50
20231129,09:38:47,15.65,1,50
20231129,09:38:47,15.65,200,50
20231129,09:43:34,16.25,250,150
20231129,12:19:26,17.0,100,400
20231227,13:23:37,2.5,1,500
20231227,13:23:37,2.45,650,500
20231227,13:25:56,2.35,500,150
20231227,13:26:46,2.3,1450,150
20231227,13:29:43,2.3,500,2100
20231227,13:44:26,2.3,50,2600
20231227,14:45:52,2.3,300,2650
20231227,14:55:40,3.05,50,2650
20231227,15:05:53,3.05,50,2650
20231228,12:00:34,2.85,1,2650
20231228,12:00:34,2.85,250,2650
20231228,13:06:49,2.6,50,2900
20231228,13:07:00,1.55,1050,2900
20231228,13:07:49,1.6,3150,2900
20231228,13:07:53,1.65,250,2900
20231228,13:08:29,1.55,50,2900
20231228,13:08:38,1.6,450,2900
20231228,13:10:32,1.6,100,5550
20231228,13:22:16,1.65,100,5650
20231228,13:28:02,1.65,100,5550
20231228,13:38:44,1.6,250,5550
20231228,13:43:32,2.0,200,5400
20231228,13:43:50,1.7,250,5400
20231228,14:01:41,2.05,50,5400
20231228,14:01:50,1.7,100,5400
20231228,14:02:49,2.0,350,5400
20231228,14:02:56,1.9,50,5400
20231228,14:05:22,1.85,450,5500
20231228,14:11:19,1.75,200,5400
20231228,14:11:24,1.85,200,5400
20231228,14:21:21,2.05,150,5300
20231228,14:26:15,1.8,750,5300
20231228,14:29:16,1.8,300,5300
20231228,14:29:46,1.8,100,5300
20231228,14:33:19,1.9,50,5300
20231228,14:34:25,2.0,400,5300
20231228,14:36:50,1.9,900,5500
20231228,14:36:59,2.05,150,5500
20231228,14:39:48,2.0,400,5500
20231228,14:40:17,2.0,400,5500
20231228,14:42:18,1.8,400,5500
20231228,14:44:02,1.75,100,4900
20231228,14:45:10,1.7,450,4900
20231228,14:45:14,1.7,250,4900
20231228,14:45:19,1.8,50,4900
20231228,14:45:23,1.85,400,4900
20231228,14:45:28,1.75,150,4900
20231228,14:46:00,1.8,500,4350
20231228,14:46:04,1.85,300,4350
20231228,14:47:51,1.9,50,4350
20231228,14:48:43,1.8,200,4200
20231228,14:50:37,1.8,500,4200
20231228,14:51:22,1.8,50,4200
20231228,14:52:07,1.8,1100,4250
20231228,14:53:06,1.65,100,4250
20231228,14:54:07,1.75,550,4250
20231228,14:54:29,1.75,400,4250
20231228,14:54:55,1.85,50,4950
20231228,14:55:00,1.8,400,4950
20231228,14:55:16,1.75,100,4950
20231228,14:55:55,1.8,50,4950
20231228,14:57:40,1.7,50,5200
20231228,14:57:46,1.7,150,5200
20231228,14:57:57,1.7,100,5200
20231228,14:58:02,1.7,100,5200
20231228,15:03:44,1.8,250,5000
20231228,15:03:55,1.75,100,5000
20231228,15:04:12,1.7,50,5000
20231228,15:04:23,1.75,1850,5000
20231228,15:04:38,1.8,50,5000
20231228,15:05:20,1.8,750,5000
20231228,15:09:52,1.9,450,4600
20231228,15:10:13,1.8,650,4600
20231228,15:10:49,1.8,250,4600
20231228,15:10:54,1.8,200,4600
20231228,15:12:04,1.85,50,4600
20231228,15:13:14,1.75,300,4900
20231228,15:14:20,1.9,50,4900
20231228,15:14:32,1.75,50,4900
20231228,15:15:11,1.65,150,4900
20231228,15:19:15,1.85,50,4900
20231228,15:19:34,1.95,50,4900
20231228,15:23:50,1.9,600,4900
20231228,15:28:26,1.25,500,4800
20231228,15:29:58,1.85,50,4800
20231229,09:15:03,1.35,1,4850
20231229,09:15:03,1.35,50,4850
20231229,09:15:08,1.9,650,4850
20231229,09:15:09,1.75,50,4850
20231229,09:15:11,1.75,200,4850
20231229,09:15:12,1.8,100,4850
20231229,09:15:14,1.55,950,4850
20231229,09:15:16,1.55,550,4850
20231229,09:15:32,1.55,150,4850
20231229,09:15:38,1.45,100,4850
20231229,09:15:52,1.5,150,4850
20231229,09:15:52,1.35,200,4850
20231229,09:16:11,1.45,950,4850
20231229,09:16:14,1.45,250,4850
20231229,09:16:18,1.45,50,4850
20231229,09:16:20,1.45,400,4850
20231229,09:16:36,1.5,50,4850
20231229,09:16:38,1.5,100,4850
20231229,09:16:41,1.45,700,4850
20231229,09:16:44,1.5,400,4850
20231229,09:16:47,1.45,100,4850
20231229,09:16:48,1.45,350,4850
20231229,09:16:59,1.4,50,4850
20231229,09:17:12,1.45,250,7200
20231229,09:17:28,1.45,250,7200
20231229,09:17:31,1.45,250,7200
20231229,09:17:54,1.45,250,7200
20231229,09:17:58,1.45,100,7200
20231229,09:18:01,1.35,50,7200
20231229,09:18:13,1.45,450,7200
20231229,09:18:14,1.45,50,7200
20231229,09:18:15,1.35,50,7200
20231229,09:19:09,1.5,500,7200
20231229,09:19:14,1.6,1950,7200
20231229,09:20:08,1.5,50,9700
20231229,09:20:16,1.45,100,9700
20231229,09:20:22,1.45,100,9700
20231229,09:21:01,1.4,100,9700
20231229,09:21:05,1.4,100,9700
20231229,09:21:37,1.5,1000,9700
20231229,09:21:47,1.35,350,9700
20231229,09:21:56,1.35,250,9700
20231229,09:23:04,1.4,300,9700
20231229,09:23:05,1.4,250,9700
20231229,09:23:06,1.4,100,9700
20231229,09:23:09,1.4,1300,9700
20231229,09:23:16,1.45,250,9050
20231229,09:23:49,1.45,900,9050
20231229,09:24:06,1.45,150,9050
20231229,09:24:47,1.45,500,9050
20231229,09:25:30,1.45,250,9050
20231229,09:26:09,1.45,350,9050
20231229,09:26:11,1.45,100,9050
20231229,09:27:02,1.4,1800,9050
20231229,09:27:33,1.4,100,9050
20231229,09:27:52,1.35,550,9050
20231229,09:28:13,1.35,250,9050
20231229,09:28:16,1.35,1900,9050
20231229,09:28:52,1.4,100,9050
20231229,09:29:05,1.35,350,9050
20231229,09:29:06,1.4,50,9050
20231229,09:29:10,1.35,1000,10200
20231229,09:30:25,1.35,150,10200
20231229,09:31:05,1.35,200,10200
20231229,09:31:43,1.35,250,10200
20231229,09:31:43,1.35,900,10200
20231229,09:32:02,1.35,600,10200
20231229,09:32:10,1.35,1100,11250
20231229,09:32:18,1.3,1000,11250
20231229,09:32:40,1.3,250,11250
20231229,09:33:09,1.3,400,11250
20231229,09:34:57,1.3,550,11250
20231229,09:35:02,1.35,100,11250
20231229,09:35:41,1.3,250,11250
20231229,09:37:47,1.3,300,12950
20231229,09:37:56,1.4,150,12950
20231229,09:39:33,1.3,250,12550
20231229,09:40:29,1.3,50,12550
20231229,09:41:26,1.25,350,12550
20231229,09:41:42,1.25,50,12450
20231229,09:42:09,1.2,300,12450
20231229,09:42:15,1.2,50,12450
20231229,09:42:59,1.2,250,12450
20231229,09:43:17,1.2,50,12450
20231229,09:43:31,1.15,450,12450
20231229,09:43:34,1.15,50,12450
20231229,09:43:36,1.15,200,12450
20231229,09:43:45,1.15,50,12450
20231229,09:43:46,1.15,50,12450
20231229,09:43:52,1.15,250,12450
20231229,09:44:07,1.15,700,12450
20231229,09:44:14,1.25,150,11350
20231229,09:44:27,1.15,150,11350
20231229,09:44:35,1.15,150,11350
20231229,09:44:41,1.15,100,11350
20231229,09:44:41,1.1,500,11350
20231229,09:45:11,1.1,250,11350
20231229,09:45:26,1.05,250,11350
20231229,09:45:49,1.05,250,11350
20231229,09:45:50,1.15,300,11350
20231229,09:45:54,1.15,250,11350
20231229,09:46:12,1.1,150,11350
20231229,09:46:31,1.1,250,11350
20231229,09:47:23,1.1,1650,11650
20231229,09:47:36,1.05,150,11650
20231229,09:47:37,1.05,250,11650
20231229,09:49:14,1.1,150,11650
20231229,09:50:02,1.05,50,11650
20231229,09:50:22,1.1,500,11800
20231229,09:52:17,1.1,400,11800
20231229,09:52:30,1.05,50,11800
20231229,09:53:30,1.05,250,11300
20231229,09:54:19,1.1,250,11300
20231229,09:54:26,1.05,250,11300
20231229,09:54:30,1.05,1100,11300
20231229,09:54:42,1.05,50,11300
20231229,09:56:24,1.0,50,11600
20231229,09:56:25,1.0,100,11600
20231229,09:56:48,1.05,100,11600
20231229,09:56:52,1.05,250,11600
20231229,09:57:23,1.0,50,11600
20231229,09:59:48,1.05,300,11600
20231229,09:59:55,1.05,250,11650
20231229,10:03:58,1.0,150,11650
20231229,10:05:06,1.1,50,11600
20231229,10:11:03,1.05,250,11600
20231229,10:11:11,1.0,50,11600
20231229,10:12:18,1.0,500,11350
20231229,10:12:24,1.05,50,11350
20231229,10:12:31,1.0,500,11350
20231229,10:12:55,1.0,950,11350
20231229,10:15:03,1.0,50,10600
20231229,10:15:20,1.05,1300,10600
20231229,10:15:28,1.05,50,10600
20231229,10:25:40,1.1,50,10600
20231229,10:25:41,1.05,750,10500
20231229,10:25:54,1.1,300,10500
20231229,10:26:05,1.1,100,10500
20231229,10:26:05,1.15,50,10500
20231229,10:26:08,1.15,850,10500
20231229,10:26:08,1.1,250,10500
20231229,10:26:10,1.15,50,10500
20231229,10:26:11,1.15,50,10500
20231229,10:26:17,1.15,150,10500
20231229,10:26:23,1.2,1800,9600
20231229,10:27:09,1.2,1800,9600
20231229,10:27:35,1.2,450,9600
20231229,10:27:37,1.2,1100,9600
20231229,10:27:48,1.2,350,9600
20231229,10:27:53,1.2,1800,9600
20231229,10:28:24,1.2,250,9600
20231229,10:28:51,1.2,50,9600
20231229,10:29:51,1.2,50,13150
20231229,10:30:15,1.25,500,13150
20231229,10:30:16,1.25,250,13150
20231229,10:30:21,1.25,1800,13150
20231229,10:30:23,1.25,200,13150
20231229,10:30:38,1.25,50,13150
20231229,10:30:41,1.25,1800,13150
20231229,10:30:42,1.25,500,13150
20231229,10:30:57,1.3,1800,13150
20231229,10:31:03,1.25,1050,13150
20231229,10:31:05,1.25,400,13150
20231229,10:31:07,1.25,600,13150
20231229,10:32:07,1.25,700,13150
20231229,10:32:20,1.2,500,13150
20231229,10:32:21,1.2,50,20900
20231229,10:32:22,1.2,150,20900
20231229,10:33:38,1.25,100,20900
20231229,10:34:45,1.25,1800,20900
20231229,10:35:19,1.2,200,22250
20231229,10:35:38,1.2,50,22250
20231229,10:35:52,1.25,250,22250
20231229,10:35:54,1.2,400,22250
20231229,10:36:55,1.2,150,22250
20231229,10:37:04,1.25,250,22250
20231229,10:37:21,1.25,350,22250
20231229,10:37:31,1.25,1800,22250
20231229,10:37:55,1.2,1200,22250
20231229,10:38:10,1.25,300,22250
20231229,10:38:41,1.25,1800,22250
20231229,10:39:56,1.25,500,23250
20231229,10:40:00,1.25,450,23250
20231229,10:40:09,1.25,2100,23250
20231229,10:40:51,1.25,300,23250
20231229,10:42:07,1.3,1800,27750
20231229,10:42:10,1.3,100,27750
20231229,10:42:57,1.3,300,27750
20231229,10:43:03,1.3,750,27750
20231229,10:43:36,1.4,2400,27750
20231229,10:43:52,1.4,50,27750
20231229,10:44:35,1.35,150,27750
20231229,10:44:41,1.35,100,30100
20231229,10:46:04,1.4,100,30100
20231229,10:46:05,1.4,100,30100
20231229,10:46:06,1.4,50,30100
20231229,10:46:25,1.4,50,30100
20231229,10:47:12,1.3,250,30100
20231229,10:47:13,1.3,500,30100
20231229,10:47:17,1.3,50,30100
20231229,10:49:12,1.25,50,30100
20231229,10:49:22,1.25,250,30050
20231229,10:49:23,1.25,50,30050
20231229,10:49:24,1.25,600,30050
20231229,10:49:41,1.25,100,30050
20231229,10:52:16,1.25,1000,30050
20231229,10:52:27,1.25,1000,30650
20231229,10:52:30,1.25,100,30650
20231229,10:53:42,1.2,50,29500
20231229,10:54:01,1.25,50,29500
20231229,10:54:07,1.25,50,29500
20231229,10:56:30,1.3,850,29500
20231229,10:56:36,1.25,50,29400
20231229,10:56:57,1.25,250,29400
20231229,10:59:52,1.25,150,29400
20231229,11:03:12,1.2,50,29400
20231229,11:05:13,1.2,750,29550
20231229,11:05:47,1.15,2150,29550
20231229,11:07:19,1.2,50,29550
20231229,11:13:08,1.2,50,30850
20231229,11:15:30,1.15,50,30850
20231229,11:22:06,1.15,1300,30850
20231229,11:27:30,1.15,500,30850
20231229,11:29:02,1.15,350,32150
20231229,11:51:39,1.15,50,32150
20231229,11:51:46,1.15,50,32150
20231229,11:57:22,1.15,450,32150
20231229,11:58:15,1.1,50,32200
20231229,11:59:33,1.15,450,32650
20231229,12:06:48,1.15,450,32200
20231229,12:12:37,1.2,250,32200
20231229,12:16:32,1.15,50,32650
20231229,12:16:34,1.25,800,32850
20231229,12:16:34,1.35,2850,32850
20231229,12:17:05,1.3,1850,32850
20231229,12:19:41,1.3,450,32850
20231229,12:20:24,1.3,500,36600
20231229,12:20:34,1.3,500,37000
20231229,12:20:35,1.3,950,37000
20231229,12:21:52,1.3,250,37000
20231229,12:24:30,1.3,200,37750
20231229,12:24:31,1.3,250,37750
20231229,12:29:29,1.25,50,37950
20231229,12:30:20,1.25,200,37950
20231229,12:30:58,1.25,350,37950
20231229,12:31:16,1.25,50,37950
20231229,12:31:17,1.25,50,37950
20231229,12:31:18,1.2,1800,37950
20231229,12:31:50,1.2,1000,37950
20231229,12:31:52,1.2,150,37950
20231229,12:31:53,1.2,50,37950
20231229,12:33:07,1.2,450,38800
20231229,12:46:03,1.15,500,38800
20231229,12:49:45,1.15,50,38800
20231229,12:49:55,1.15,50,38850
20231229,12:56:33,1.15,300,38950
20231229,12:57:00,1.15,50,39250
20231229,13:02:55,1.15,50,39200
20231229,13:09:45,1.2,50,39150
20231229,13:10:32,1.2,200,39150
20231229,13:13:55,1.2,250,39300
20231229,13:16:48,1.2,300,39300
20231229,13:21:15,1.2,50,38850
20231229,13:24:26,1.15,250,38850
20231229,13:35:06,1.2,50,38800
20231229,13:36:02,1.15,50,38700
20231229,13:40:35,1.25,50,38700
20231229,13:43:07,1.25,350,38700
20231229,13:43:53,1.15,50,38700
20231229,13:49:09,1.2,50,38700
20231229,13:50:08,1.25,150,38900
20231229,13:51:31,1.25,400,38900
20231229,13:52:19,1.25,1500,39050
20231229,13:52:20,1.4,5300,39050
20231229,13:52:21,1.3,50,39050
20231229,13:52:23,1.3,100,39050
20231229,13:52:25,1.35,50,39050
20231229,13:52:37,1.35,50,39050
20231229,13:52:46,1.35,150,39050
20231229,13:52:46,1.4,450,39050
20231229,13:52:56,1.35,50,39050
20231229,13:53:07,1.35,50,39050
20231229,13:53:14,1.35,50,39050
20231229,13:53:29,1.35,1250,39050
20231229,13:53:34,1.35,200,39050
20231229,13:53:51,1.4,1800,44050
20231229,13:54:05,1.4,250,44050
20231229,13:54:14,1.45,800,44050
20231229,13:54:14,1.5,1800,44050
20231229,13:54:15,1.45,50,44050
20231229,13:54:25,1.45,50,44050
20231229,13:54:45,1.4,1750,44050
20231229,13:55:46,1.35,200,44050
20231229,13:55:50,1.4,2750,44050
20231229,13:56:20,1.4,50,44050
20231229,13:56:37,1.4,1800,44050
20231229,13:57:03,1.4,500,44050
20231229,13:57:30,1.4,450,50300
20231229,13:57:36,1.4,100,50300
20231229,13:57:38,1.4,50,50300
20231229,13:57:58,1.35,50,50300
20231229,13:58:29,1.35,1800,50300
20231229,13:58:58,1.4,250,50300
20231229,13:59:13,1.45,1850,50300
20231229,13:59:20,1.4,50,50300
20231229,14:00:07,1.35,1850,52400
20231229,14:00:20,1.4,150,52400
20231229,14:00:24,1.35,200,52400
20231229,14:02:49,1.35,50,52400
20231229,14:02:51,1.35,50,52500
20231229,14:02:55,1.35,50,52500
20231229,14:02:59,1.35,50,52500
20231229,14:07:52,1.3,1200,52500
20231229,14:07:54,1.3,100,52550
20231229,14:08:23,1.3,200,52550
20231229,14:10:10,1.3,250,52950
20231229,14:11:03,1.25,300,52950
20231229,14:12:02,1.25,50,52950
20231229,14:12:11,1.3,250,52900
20231229,14:17:58,1.3,50,52700
20231229,14:24:47,1.25,400,52700
20231229,14:24:48,1.25,50,52700
20231229,14:25:17,1.25,50,52700
20231229,14:25:25,1.25,50,52700
20231229,14:29:36,1.2,150,53150
20231229,14:29:37,1.2,50,53150
20231229,14:29:48,1.2,50,53150
20231229,14:31:40,1.15,400,53150
20231229,14:31:41,1.15,500,53400
20231229,14:32:03,1.15,50,53400
20231229,14:35:44,1.15,50,52750
20231229,14:47:29,1.1,350,52700
20231229,14:49:07,1.15,200,52700
20231229,14:49:34,1.1,600,52700
20231229,14:49:36,1.1,1000,52700
20231229,14:51:07,1.15,250,52750
20231229,14:51:07,1.1,250,52750
20231229,14:51:15,1.1,1100,52750
20231229,15:00:27,1.1,250,52750
20231229,15:00:48,1.15,350,51950
20231229,15:01:17,1.15,50,51950
20231229,15:02:15,1.15,250,51950
20231229,15:02:38,1.2,1500,51950
20231229,15:02:40,1.2,100,51950
20231229,15:02:47,1.2,50,51950
20231229,15:03:09,1.2,750,51950
20231229,15:04:09,1.25,1500,51650
20231229,15:04:47,1.2,250,51650
20231229,15:05:02,1.25,400,51650
20231229,15:05:08,1.3,200,51650
20231229,15:05:12,1.35,1800,51650
20231229,15:05:17,1.3,450,51650
20231229,15:05:21,1.35,300,51650
20231229,15:05:24,1.3,100,51650
20231229,15:05:34,1.3,1800,51650
20231229,15:05:47,1.3,1500,51650
20231229,15:05:50,1.3,700,51650
20231229,15:06:07,1.25,250,51650
20231229,15:07:39,1.25,1800,53300
20231229,15:07:40,1.25,150,53300
20231229,15:07:48,1.25,50,53300
20231229,15:08:02,1.2,250,53300
20231229,15:08:12,1.25,250,53300
20231229,15:08:13,1.25,50,53300
20231229,15:10:22,1.2,250,52900
20231229,15:10:40,1.25,150,52900
20231229,15:11:14,1.25,850,52900
20231229,15:11:37,1.2,250,52900
20231229,15:11:46,1.25,250,52900
20231229,15:14:16,1.25,250,52900
20231229,15:15:04,1.25,250,53450
20231229,15:15:41,1.25,1050,53450
20231229,15:15:51,1.25,450,53450
20231229,15:16:28,1.25,250,53450
20231229,15:16:55,1.25,250,53450
20231229,15:17:02,1.25,150,53450
20231229,15:17:11,1.3,50,53450
20231229,15:17:41,1.25,50,53450
20231229,15:17:59,1.25,50,54000
20231229,15:18:21,1.25,50,54000
20231229,15:20:46,1.3,250,54000
20231229,15:22:09,1.25,100,54000
20231229,15:23:19,1.3,3050,54000
20231229,15:24:03,1.3,50,54000
20231229,15:26:00,1.3,50,53800
20231229,15:27:16,1.25,50,53800
20231229,15:27:34,1.25,650,53850
20231229,15:27:35,1.25,450,53850
20231229,15:27:57,1.25,150,53850
20231229,15:28:00,1.3,2600,53850
20231229,15:28:49,1.2,300,53850
20231229,15:29:30,1.2,200,53850
20231229,15:29:32,1.2,50,53850
20231229,15:29:45,1.2,250,53850
20231229,15:29:47,1.2,50,53850
20240101,09:15:08,1.3,1,48850
20240101,09:15:08,1.3,50,48850
20240101,09:15:11,1.3,300,48850
20240101,09:15:35,1.25,100,48850
20240101,09:15:40,0.9,1800,48850
20240101,09:15:57,0.9,450,48850
20240101,09:16:00,1.2,150,48850
20240101,09:16:20,1.1,1800,48850
20240101,09:16:22,1.15,100,48850
20240101,09:16:29,1.15,700,48850
20240101,09:16:45,1.15,350,48850
20240101,09:17:20,1.1,50,48850
20240101,09:17:23,1.15,250,50850
20240101,09:17:26,1.1,250,50850
20240101,09:17:36,1.1,50,50850
20240101,09:17:39,1.15,250,50850
20240101,09:17:41,1.15,300,50850
20240101,09:17:49,1.15,1800,50850
20240101,09:17:49,1.15,100,50850
20240101,09:18:03,1.1,400,50850
20240101,09:18:04,1.1,250,50850
20240101,09:18:09,1.1,250,50850
20240101,09:18:10,1.1,250,50850
20240101,09:18:12,1.2,1250,50850
20240101,09:18:13,1.15,50,50850
20240101,09:18:16,1.15,300,50850
20240101,09:18:16,1.15,450,50850
20240101,09:18:22,1.1,150,50850
20240101,09:18:27,1.15,1800,50850
20240101,09:18:45,1.1,1950,50850
20240101,09:20:17,1.05,250,50850
20240101,09:20:58,1.05,50,48950
20240101,09:21:25,1.1,50,48950
20240101,09:21:31,1.1,900,48950
20240101,09:21:31,1.15,450,48950
20240101,09:21:41,1.05,250,48950
20240101,09:22:37,1.1,50,48950
20240101,09:23:06,1.1,1350,48950
20240101,09:23:20,1.1,100,50850
20240101,09:25:37,1.05,300,50850
20240101,09:26:13,1.1,100,50850
20240101,09:26:37,1.15,250,50850
20240101,09:26:43,1.15,250,50400
20240101,09:26:53,1.15,50,50400
20240101,09:27:35,1.15,1050,50400
20240101,09:27:43,1.1,250,50400
20240101,09:28:00,1.1,100,50400
20240101,09:29:07,1.1,50,50400
20240101,09:32:29,1.1,900,50400
20240101,09:32:29,1.1,1150,50750
20240101,09:32:49,1.1,250,50750
20240101,09:32:52,1.1,450,50750
20240101,09:34:47,1.15,100,50750
20240101,09:35:26,1.1,400,50750
20240101,09:36:42,1.15,50,49850
20240101,09:41:49,1.1,50,49800
20240101,09:43:40,1.1,200,49800
20240101,09:47:22,1.1,250,49800
20240101,09:49:48,1.1,50,49750
20240101,09:50:23,1.15,250,49750
20240101,09:52:39,1.1,50,49750
20240101,09:54:35,1.15,250,49750
20240101,09:54:51,1.2,650,49750
20240101,09:54:52,1.25,2050,49750
20240101,09:55:01,1.3,1650,49750
20240101,09:55:07,1.35,1300,49750
20240101,09:55:09,1.3,250,49750
20240101,09:55:10,1.45,1500,49750
20240101,09:55:11,1.5,50,49750
20240101,09:55:12,1.55,450,49750
20240101,09:55:18,1.75,1100,49750
20240101,09:55:20,1.75,100,49750
20240101,09:55:25,1.4,250,49750
20240101,09:55:27,1.35,1500,49750
20240101,09:55:28,1.4,1000,49750
20240101,09:55:29,1.35,500,49750
20240101,09:55:32,1.3,550,49750
20240101,09:55:35,1.35,200,49750
20240101,09:55:40,1.35,500,49750
20240101,09:55:45,1.3,600,49750
20240101,09:55:46,1.35,100,49750
20240101,09:55:48,1.3,300,49750
20240101,09:55:51,1.3,900,49750
20240101,09:56:05,1.3,200,49750
20240101,09:56:06,1.35,100,49750
20240101,09:56:10,1.3,2050,49750
20240101,09:56:12,1.3,50,49750
20240101,09:56:18,1.25,50,49750
20240101,09:56:19,1.25,350,49750
20240101,09:56:20,1.25,400,49750
20240101,09:56:21,1.3,150,60750
20240101,09:56:26,1.2,100,60750
20240101,09:56:39,1.3,750,60750
20240101,09:56:41,1.3,100,60750
20240101,09:56:42,1.3,200,60750
20240101,09:56:43,1.3,400,60750
20240101,09:56:44,1.25,950,60750
20240101,09:56:45,1.35,250,60750
20240101,09:56:52,1.35,150,60750
20240101,09:56:59,1.35,500,60750
20240101,09:57:01,1.35,50,60750
20240101,09:57:07,1.4,200,60750
20240101,09:57:10,1.4,1950,60750
20240101,09:57:12,1.4,250,60750
20240101,09:57:14,1.4,50,60750
20240101,09:57:16,1.35,300,60750
20240101,09:57:19,1.4,500,60750
20240101,09:57:22,1.45,50,60750
20240101,09:57:26,1.4,300,60750
20240101,09:57:31,1.4,900,60750
20240101,09:57:44,1.4,800,60750
20240101,09:58:17,1.35,500,60750
20240101,09:58:28,1.4,200,60750
20240101,09:58:43,1.4,550,60750
20240101,09:58:45,1.35,900,60750
20240101,09:58:48,1.35,1050,60750
20240101,09:59:03,1.3,1900,60750
20240101,09:59:04,1.3,50,60750
20240101,09:59:27,1.35,300,60750
20240101,09:59:51,1.35,200,66350
20240101,10:00:23,1.3,350,66350
20240101,10:00:24,1.3,500,66350
20240101,10:00:28,1.3,200,66350
20240101,10:01:01,1.3,150,66350
20240101,10:02:01,1.3,1800,66350
20240101,10:02:03,1.3,1000,66350
20240101,10:02:12,1.3,350,66350
20240101,10:02:17,1.25,200,66350
20240101,10:04:00,1.25,300,64500
20240101,10:04:19,1.25,600,64500
20240101,10:07:18,1.25,100,65000
20240101,10:07:19,1.25,50,65000
20240101,10:11:01,1.25,50,64900
20240101,10:11:07,1.3,50,64900
20240101,10:12:25,1.25,50,64950
20240101,10:14:22,1.2,50,64950
20240101,10:19:15,1.25,50,64950
20240101,10:20:06,1.2,150,64950
20240101,10:20:07,1.15,100,64950
20240101,10:20:23,1.2,250,64950
20240101,10:23:24,1.15,200,64700
20240101,10:23:26,1.15,200,64700
20240101,10:23:27,1.15,200,64700
20240101,10:23:29,1.15,200,64700
20240101,10:23:41,1.15,300,64700
20240101,10:25:04,1.15,150,64700
20240101,10:25:29,1.2,2250,64700
20240101,10:25:56,1.15,1650,64700
20240101,10:26:01,1.15,450,64700
20240101,10:26:02,1.1,1800,64700
20240101,10:27:04,1.1,100,61200
20240101,10:28:45,1.15,600,61200
20240101,10:30:37,1.15,450,60750
20240101,10:30:50,1.15,1050,60750
20240101,10:30:56,1.15,50,60750
20240101,10:31:14,1.15,1250,60750
20240101,10:31:16,1.15,100,60750
20240101,10:35:01,1.2,100,60550
20240101,10:36:05,1.15,1400,60650
20240101,10:36:06,1.15,100,60650
20240101,10:36:30,1.15,50,60650
20240101,10:40:45,1.15,1000,61100
20240101,10:40:52,1.2,1450,61100
20240101,10:40:58,1.2,750,61100
20240101,10:41:02,1.2,50,61100
20240101,10:44:29,1.2,50,59950
20240101,10:46:41,1.15,100,59950
20240101,10:46:52,1.2,150,59950
20240101,10:47:09,1.25,500,59950
20240101,10:47:12,1.25,250,59950
20240101,10:47:12,1.2,50,59950
20240101,10:47:13,1.25,50,59950
20240101,10:47:20,1.2,50,59950
20240101,10:48:04,1.2,100,59950
20240101,10:48:22,1.2,250,60650
20240101,10:48:30,1.2,50,60650
20240101,10:50:17,1.25,50,60650
20240101,10:50:22,1.25,50,60650
20240101,10:50:30,1.25,850,60400
20240101,10:50:34,1.2,850,60400
20240101,10:50:37,1.25,150,60400
20240101,10:50:55,1.2,50,60400
20240101,10:55:51,1.2,1800,60400
20240101,10:56:01,1.2,900,60500
20240101,10:56:07,1.2,650,60500
20240101,10:56:53,1.2,200,60500
20240101,10:56:55,1.2,400,60500
20240101,10:56:58,1.2,1050,60500
20240101,10:57:15,1.2,1250,60500
20240101,10:57:17,1.2,50,60500
20240101,10:57:32,1.2,900,60500
20240101,10:57:41,1.2,100,60500
20240101,10:58:47,1.25,50,60500
20240101,10:58:50,1.25,100,60500
20240101,11:00:37,1.2,100,61150
20240101,11:02:23,1.2,50,61150
20240101,11:03:34,1.15,50,61150
20240101,11:12:52,1.15,50,61150
20240101,11:12:53,1.15,50,61150
20240101,11:12:54,1.15,50,61150
20240101,11:12:55,1.15,50,61150
20240101,11:12:56,1.15,50,61150
20240101,11:13:48,1.15,1800,61150
20240101,11:13:52,1.15,1900,61150
20240101,11:15:06,1.15,1800,61500
20240101,11:15:11,1.15,2300,61500
20240101,11:15:21,1.2,400,61500
20240101,11:15:33,1.1,400,61500
20240101,11:15:46,1.15,550,61500
20240101,11:15:47,1.15,100,61500
20240101,11:16:36,1.15,150,61500
20240101,11:17:02,1.15,50,61500
20240101,11:20:10,1.15,400,63100
20240101,11:20:32,1.15,1150,63100
20240101,11:21:39,1.15,850,61650
20240101,11:21:56,1.1,250,61650
20240101,11:23:23,1.1,300,61650
20240101,11:23:54,1.1,300,61650
20240101,11:24:19,1.1,250,62350
20240101,11:24:58,1.1,250,62350
20240101,11:32:17,1.15,50,63150
20240101,11:32:39,1.15,100,63150
20240101,11:33:11,1.15,200,63150
20240101,11:33:12,1.1,250,63150
20240101,11:33:13,1.1,550,63150
20240101,11:42:03,1.1,1500,63500
20240101,11:47:02,1.15,1850,63500
20240101,11:47:20,1.1,600,63500
20240101,11:47:23,1.15,100,63500
20240101,11:48:35,1.05,850,63500
20240101,11:48:36,1.05,100,64750
20240101,11:48:38,1.05,50,64750
20240101,11:48:39,1.05,50,64750
20240101,11:48:50,1.05,500,64750
20240101,11:48:52,1.05,600,64750
20240101,11:49:22,1.05,400,64750
20240101,12:02:07,1.05,50,64750
20240101,12:02:07,1.05,50,63200
20240101,12:02:36,1.05,800,63200
20240101,12:04:51,1.05,250,63200
20240101,12:05:26,1.1,50,63200
20240101,12:09:04,1.1,150,63200
20240101,12:10:05,1.05,50,63200
20240101,12:10:25,1.1,350,63200
20240101,12:10:27,1.05,500,63200
20240101,12:10:28,1.05,1500,63200
20240101,12:10:30,0.8,20000,63200
20240101,12:10:31,0.95,4100,63200
20240101,12:10:32,1.15,9300,63200
20240101,12:10:33,1.05,5050,63200
20240101,12:10:35,1.1,100,63200
20240101,12:10:36,1.1,50,63200
20240101,12:10:47,0.95,2050,63200
20240101,12:10:48,1.1,100,63200
20240101,12:10:51,1.1,200,63200
20240101,12:10:59,1.1,300,63200
20240101,12:10:59,1.1,600,63200
20240101,12:11:02,1.1,600,63200
20240101,12:11:03,0.95,6900,63200
20240101,12:11:04,1.1,5550,63200
20240101,12:11:05,1.05,2600,63200
20240101,12:11:06,1.15,11750,63200
20240101,12:11:08,1.1,13250,63200
20240101,12:11:10,1.05,11400,63200
20240101,12:11:11,1.1,4450,63200
20240101,12:11:12,1.2,18350,63200
20240101,12:11:13,1.6,3800,63200
20240101,12:11:19,1.15,3350,63200
20240101,12:11:21,1.2,700,63200
20240101,12:11:22,1.25,7900,63200
20240101,12:11:24,1.8,23100,63200
20240101,12:11:25,1.25,1600,63200
20240101,12:11:25,1.1,1500,63200
20240101,12:11:26,1.1,50,63200
20240101,12:11:28,1.2,150,63200
20240101,12:11:29,0.95,6900,63200
20240101,12:11:30,1.1,12600,63200
20240101,12:11:32,1.2,600,63200
20240101,12:11:33,1.15,9650,63200
20240101,12:11:40,1.15,400,63200
20240101,12:11:44,1.2,100,73050
20240101,12:11:56,1.15,1850,73050
20240101,12:12:01,1.15,600,73050
20240101,12:12:06,1.15,2050,73050
20240101,12:12:07,1.15,1400,73050
20240101,12:12:09,1.15,1900,73050
20240101,12:12:10,1.2,350,73050
20240101,12:12:11,1.15,200,73050
20240101,12:12:13,1.25,3250,73050
20240101,12:12:15,1.2,900,73050
20240101,12:12:16,1.2,2100,73050
20240101,12:12:17,1.25,3400,73050
20240101,12:12:18,1.3,50,73050
20240101,12:12:19,1.05,10750,73050
20240101,12:12:20,1.15,2050,73050
20240101,12:12:24,1.3,1050,73050
20240101,12:12:31,1.25,2650,73050
20240101,12:12:37,1.2,50,73050
20240101,12:13:09,1.25,100,73050
20240101,12:13:11,1.25,300,73050
20240101,12:13:56,1.2,100,73050
20240101,12:14:09,1.25,1700,73050
20240101,12:14:10,1.15,2050,73050
20240101,12:14:38,1.25,500,73050
20240101,12:15:02,1.25,200,73050
20240101,12:15:09,1.3,200,75000
20240101,12:15:13,1.25,1700,75000
20240101,12:16:07,1.25,250,75000
20240101,12:16:08,1.25,1000,75000
20240101,12:16:11,1.2,5150,75000
20240101,12:16:12,1.3,1450,75000
20240101,12:16:13,1.2,12750,75000
20240101,12:16:15,1.2,9300,75000
20240101,12:16:15,1.3,7100,75000
20240101,12:16:16,1.2,50,75000
20240101,12:17:38,1.25,100,75000
20240101,12:17:42,1.25,150,75000
20240101,12:17:43,1.25,50,75250
20240101,12:18:14,1.25,150,75250
20240101,12:18:39,1.2,600,75250
20240101,12:20:08,1.2,250,75250
20240101,12:20:22,1.15,250,75250
20240101,12:21:04,1.15,1000,75300
20240101,12:21:20,1.15,50,75300
20240101,12:21:21,1.15,50,75300
20240101,12:21:22,1.15,50,75300
20240101,12:21:23,1.15,50,75300
20240101,12:21:25,1.15,50,75300
20240101,12:21:26,1.15,50,75300
20240101,12:21:27,1.15,50,75300
20240101,12:21:28,1.15,50,75300
20240101,12:21:30,1.15,50,75300
20240101,12:21:31,1.15,50,75300
20240101,12:21:32,1.15,50,75300
20240101,12:21:34,1.15,50,75300
20240101,12:21:35,1.15,50,75300
20240101,12:21:36,1.15,50,75300
20240101,12:21:37,1.15,50,75300
20240101,12:21:38,1.15,50,75300
20240101,12:21:40,1.15,50,75300
20240101,12:21:41,1.15,50,75300
20240101,12:21:43,1.15,50,75300
20240101,12:21:46,1.15,50,75300
20240101,12:21:48,1.15,50,75300
20240101,12:21:51,1.15,50,75300
20240101,12:21:53,1.15,50,75300
20240101,12:21:56,1.15,50,75300
20240101,12:21:58,1.15,50,75300
20240101,12:22:01,1.15,50,75300
20240101,12:22:03,1.15,50,75300
20240101,12:22:06,1.15,50,75300
20240101,12:22:08,1.15,50,75300
20240101,12:22:11,1.15,50,75300
20240101,12:22:14,1.15,50,75300
20240101,12:22:16,1.15,50,75300
20240101,12:22:19,1.15,50,75300
20240101,12:22:21,1.15,50,75300
20240101,12:22:28,1.15,250,75300
20240101,12:22:30,1.15,150,75300
20240101,12:22:45,1.15,250,75300
20240101,12:23:43,1.15,250,75350
20240101,12:23:44,1.1,100,75350
20240101,12:23:45,1.1,400,75350
20240101,12:28:11,1.1,50,75300
20240101,12:28:16,1.1,50,75300
20240101,12:29:15,1.05,4150,75300
20240101,12:29:16,1.05,1950,75300
20240101,12:32:42,1.0,500,71150
20240101,12:32:47,1.05,300,71150
20240101,12:32:48,1.05,50,71150
20240101,12:41:12,1.1,1450,71150
20240101,12:41:59,1.05,550,70850
20240101,12:42:36,1.1,2600,70100
20240101,12:43:03,1.1,50,70100
20240101,12:46:01,1.1,50,70100
20240101,12:47:17,1.1,250,68800
20240101,12:48:40,1.1,50,68800
20240101,12:50:45,1.1,250,68800
20240101,12:51:10,1.15,500,68800
20240101,12:51:11,1.15,500,68800
20240101,12:51:13,1.15,500,68800
20240101,12:51:20,1.15,500,68800
20240101,12:51:22,1.15,100,68800
20240101,12:51:39,1.1,600,68800
20240101,12:51:40,1.1,900,68800
20240101,12:51:41,1.15,100,68800
20240101,12:51:43,1.15,50,68800
20240101,12:51:50,1.1,50,68800
20240101,12:52:03,1.15,1200,68800
20240101,12:52:09,1.1,1300,68800
20240101,12:52:11,1.1,750,68800
20240101,12:52:12,1.15,50,68800
20240101,12:52:21,1.1,150,68800
20240101,12:52:42,1.1,250,68800
20240101,12:52:44,1.15,100,68800
20240101,12:53:03,1.15,300,68800
20240101,12:53:04,1.1,300,68800
20240101,12:53:05,1.15,500,68800
20240101,12:53:06,1.15,150,68800
20240101,12:53:08,1.15,50,68800
20240101,12:53:52,1.1,1700,71800
20240101,12:53:59,1.1,50,71800
20240101,12:59:57,1.1,700,71450
20240101,13:03:33,1.15,50,71450
20240101,13:13:41,1.15,150,70750
20240101,13:15:09,1.2,1250,70850
20240101,13:15:10,1.15,250,70850
20240101,13:15:30,1.15,50,70850
20240101,13:15:36,1.15,50,70850
20240101,13:16:00,1.15,50,70850
20240101,13:18:16,1.15,500,70000
20240101,13:20:56,1.2,3600,69750
20240101,13:36:26,1.15,250,68450
20240101,13:40:59,1.15,50,68450
20240101,13:47:55,1.2,50,68400
20240101,13:50:43,1.2,1800,68400
20240101,13:50:44,1.2,1800,68400
20240101,13:50:45,1.2,1550,68400
20240101,13:50:46,1.25,1550,68400
20240101,13:50:48,1.25,200,68400
20240101,13:50:54,1.25,100,68400
20240101,13:51:02,1.25,1600,66050
20240101,13:51:45,1.2,2400,66050
20240101,13:55:25,1.15,1000,64550
20240101,13:55:46,1.15,1000,64550
20240101,13:56:00,1.15,1000,64550
20240101,13:58:28,1.25,1850,66050
20240101,13:58:31,1.25,100,66050
20240101,13:58:35,1.2,1100,66050
20240101,13:58:42,1.25,100,66050
20240101,13:58:52,1.3,1500,66050
20240101,13:58:59,1.25,50,66050
20240101,13:59:05,1.3,2100,66050
20240101,13:59:12,1.35,50,66050
20240101,13:59:15,1.25,50,66050
20240101,13:59:50,1.3,50,66050
20240101,13:59:51,1.35,200,66050
20240101,13:59:58,1.35,1100,70400
20240101,14:00:13,1.35,100,70400
20240101,14:01:34,1.35,50,70400
20240101,14:01:43,1.35,150,70400
20240101,14:01:56,1.35,800,70400
20240101,14:02:02,1.35,50,70400
20240101,14:02:08,1.35,350,70400
20240101,14:02:17,1.4,250,70400
20240101,14:02:25,1.4,200,70400
20240101,14:02:27,1.35,250,70400
20240101,14:02:43,1.4,750,70400
20240101,14:03:16,1.45,1850,72250
20240101,14:03:37,1.45,200,72250
20240101,14:03:43,1.45,100,72250
20240101,14:03:49,1.45,1850,72250
20240101,14:03:55,1.45,50,72250
20240101,14:04:17,1.45,800,72250
20240101,14:04:19,1.4,50,72250
20240101,14:04:24,1.45,150,72250
20240101,14:04:27,1.45,350,72250
20240101,14:04:33,1.5,50,72250
20240101,14:04:36,1.5,200,72250
20240101,14:04:42,1.45,150,72250
20240101,14:04:50,1.5,900,72250
20240101,14:05:01,1.45,250,72250
20240101,14:05:09,1.45,9900,72250
20240101,14:05:13,1.55,1850,72250
20240101,14:05:18,1.55,600,72250
20240101,14:05:19,1.55,100,72250
20240101,14:05:21,1.5,900,72250
20240101,14:05:22,1.55,6600,72250
20240101,14:05:24,1.6,2350,72250
20240101,14:05:25,1.6,1800,72250
20240101,14:05:27,1.65,2900,72250
20240101,14:05:44,1.55,450,72250
20240101,14:05:50,1.5,50,72250
20240101,14:06:17,1.5,250,72250
20240101,14:06:26,1.5,250,87550
20240101,14:06:36,1.6,500,87550
20240101,14:07:36,1.55,1850,87550
20240101,14:07:38,1.55,50,87550
20240101,14:07:40,1.5,500,87550
20240101,14:07:41,1.5,500,87550
20240101,14:07:42,1.5,500,87550
20240101,14:07:45,1.5,750,87550
20240101,14:07:46,1.5,100,87550
20240101,14:07:54,1.5,1800,87550
20240101,14:08:21,1.6,50,87550
20240101,14:08:38,1.55,100,87550
20240101,14:09:30,1.5,50,89550
20240101,14:09:31,1.5,50,89550
20240101,14:09:33,1.5,50,89550
20240101,14:10:01,1.5,50,89550
20240101,14:10:18,1.5,100,89550
20240101,14:10:29,1.45,50,89550
20240101,14:11:06,1.4,50,89550
20240101,14:11:25,1.5,600,89550
20240101,14:11:52,1.55,200,89550
20240101,14:11:57,1.55,650,89550
20240101,14:12:36,1.55,200,89550
20240101,14:12:39,1.55,50,89550
20240101,14:13:16,1.6,250,89550
20240101,14:13:28,1.6,1800,89550
20240101,14:13:31,1.6,1800,89550
20240101,14:14:04,1.6,50,89550
20240101,14:14:06,1.65,250,89550
20240101,14:14:09,1.6,50,89550
20240101,14:14:49,1.65,1800,89550
20240101,14:14:53,1.65,100,89550
20240101,14:15:17,1.65,100,89550
20240101,14:15:23,1.65,50,94000
20240101,14:15:39,1.65,500,94000
20240101,14:15:52,1.7,150,94000
20240101,14:16:07,1.65,400,94000
20240101,14:16:19,1.65,50,94000
20240101,14:17:29,1.6,150,94000
20240101,14:17:38,1.65,650,94000
20240101,14:17:50,1.7,50,94000
20240101,14:17:55,1.7,50,94000
20240101,14:18:01,1.7,850,94000
20240101,14:18:02,1.7,1200,95250
20240101,14:18:08,1.75,400,95250
20240101,14:18:09,1.85,2600,95250
20240101,14:18:17,1.85,50,95250
20240101,14:18:35,1.8,2100,95250
20240101,14:18:36,1.85,300,95250
20240101,14:18:37,1.75,50,95250
20240101,14:18:38,1.75,100,95250
20240101,14:18:41,1.9,4350,95250
20240101,14:18:42,1.85,350,95250
20240101,14:18:44,1.85,50,95250
20240101,14:18:47,1.85,600,95250
20240101,14:18:49,1.9,300,95250
20240101,14:18:50,1.9,100,95250
20240101,14:18:51,1.85,1750,95250
20240101,14:18:52,1.9,1450,95250
20240101,14:18:53,1.9,1150,95250
20240101,14:18:54,1.85,1450,95250
20240101,14:19:03,1.9,1800,95250
20240101,14:19:07,1.95,450,95250
20240101,14:19:38,1.95,400,95250
20240101,14:19:59,1.8,100,95250
20240101,14:20:03,1.8,50,95250
20240101,14:20:07,1.8,100,95250
20240101,14:20:08,1.8,100,95250
20240101,14:20:11,1.8,100,95250
20240101,14:20:14,1.8,200,95250
20240101,14:20:15,1.75,300,95250
20240101,14:20:16,1.8,50,95250
20240101,14:20:17,1.8,50,95250
20240101,14:20:18,1.8,100,95250
20240101,14:20:21,1.8,50,95250
20240101,14:20:22,1.8,50,95250
20240101,14:20:23,1.75,1200,95250
20240101,14:20:24,1.75,50,95250
20240101,14:20:38,1.75,200,95250
20240101,14:20:40,1.75,50,95250
20240101,14:20:44,1.7,50,95250
20240101,14:20:45,1.7,350,95250
20240101,14:20:57,1.75,350,95250
20240101,14:21:04,1.75,950,95250
20240101,14:21:45,1.7,1550,108150
20240101,14:21:50,1.7,1250,108150
20240101,14:22:28,1.65,900,108150
20240101,14:22:29,1.7,600,108150
20240101,14:22:37,1.7,50,108150
20240101,14:23:52,1.7,100,108150
20240101,14:24:18,1.65,50,108150
20240101,14:24:21,1.65,250,108200
20240101,14:24:26,1.7,850,108200
20240101,14:24:36,1.65,50,108200
20240101,14:24:37,1.65,400,108200
20240101,14:24:57,1.65,100,108200
20240101,14:25:35,1.65,50,108200
20240101,14:27:38,1.65,2100,108200
20240101,14:27:39,1.65,50,107900
20240101,14:27:46,1.65,50,107900
20240101,14:27:48,1.65,1000,107900
20240101,14:27:48,1.65,400,107900
20240101,14:28:01,1.65,300,107900
20240101,14:28:09,1.65,300,107900
20240101,14:28:09,1.6,1150,107900
20240101,14:28:14,1.65,50,107900
20240101,14:29:45,1.65,50,107900
20240101,14:30:39,1.65,400,108050
20240101,14:33:59,1.7,100,107650
20240101,14:34:00,1.65,50,107650
20240101,14:34:07,1.6,50,107650
20240101,14:34:52,1.65,50,107650
20240101,14:35:13,1.6,300,107650
20240101,14:38:11,1.6,100,107250
20240101,14:40:07,1.6,50,107250
20240101,14:41:38,1.6,50,107250
20240101,14:42:48,1.65,900,107250
20240101,14:43:02,1.7,450,107250
20240101,14:43:05,1.65,100,107250
20240101,14:43:38,1.7,100,107250
20240101,14:43:42,1.7,250,107250
20240101,14:43:50,1.7,100,107250
20240101,14:43:52,1.7,100,107250
20240101,14:43:53,1.7,500,107250
20240101,14:43:53,1.7,50,107250
20240101,14:43:56,1.65,150,107250
20240101,14:44:02,1.7,350,107250
20240101,14:44:06,1.7,100,107250
20240101,14:44:07,1.75,2450,107250
20240101,14:44:41,1.75,400,107250
20240101,14:44:45,1.75,650,107250
20240101,14:44:46,1.75,1550,107250
20240101,14:46:04,1.8,350,107250
20240101,14:46:04,1.8,50,110800
20240101,14:47:06,1.75,50,110800
20240101,14:47:32,1.75,50,110800
20240101,14:48:04,1.75,200,110550
20240101,14:48:05,1.75,150,110550
20240101,14:49:13,1.75,350,110550
20240101,14:49:23,1.75,50,110550
20240101,14:49:25,1.75,300,110550
20240101,14:49:35,1.75,1300,110550
20240101,14:50:15,1.75,450,110550
20240101,14:50:19,1.75,300,110550
20240101,14:50:28,1.8,200,110550
20240101,14:50:35,1.85,250,110550
20240101,14:51:19,1.75,1800,111000
20240101,14:52:57,1.7,1050,111000
20240101,14:52:59,1.75,150,111000
20240101,14:53:29,1.65,200,111000
20240101,14:55:04,1.65,50,112750
20240101,14:55:06,1.75,250,112750
20240101,14:55:11,1.75,250,112750
20240101,14:55:14,1.75,400,112750
20240101,14:55:16,1.7,50,112750
20240101,14:55:29,1.7,200,112750
20240101,14:55:56,1.7,50,112750
20240101,14:56:46,1.75,100,112750
20240101,14:56:48,1.75,650,112750
20240101,14:56:50,1.75,100,112750
20240101,14:58:32,1.7,50,112750
20240101,15:00:11,1.7,200,112250
20240101,15:00:27,1.7,50,112250
20240101,15:00:31,1.7,100,112250
20240101,15:01:02,1.7,200,112250
20240101,15:01:14,1.7,50,112250
20240101,15:01:33,1.65,100,112250
20240101,15:01:41,1.65,50,112250
20240101,15:01:44,1.65,650,112250
20240101,15:01:49,1.65,250,112250
20240101,15:02:12,1.55,50,112250
20240101,15:03:19,1.6,900,111600
20240101,15:03:38,1.55,50,111600
20240101,15:04:06,1.55,100,111600
20240101,15:04:50,1.6,250,111600
20240101,15:04:54,1.6,200,111600
20240101,15:05:23,1.65,50,111600
20240101,15:07:43,1.6,1800,111100
20240101,15:07:44,1.65,2050,111100
20240101,15:07:46,1.6,150,111100
20240101,15:07:48,1.6,1650,111100
20240101,15:07:53,1.6,650,111100
20240101,15:07:57,1.6,200,111100
20240101,15:08:02,1.6,1150,111100
20240101,15:08:18,1.6,1150,111100
20240101,15:09:03,1.55,50,111100
20240101,15:09:03,1.55,150,111100
20240101,15:09:14,1.55,50,112050
20240101,15:09:15,1.6,250,112050
20240101,15:09:30,1.55,500,112050
20240101,15:09:33,1.6,1800,112050
20240101,15:11:21,1.5,50,112050
20240101,15:11:32,1.5,900,112050
20240101,15:13:03,1.45,250,112050
20240101,15:13:30,1.5,2050,110900
20240101,15:16:24,1.4,300,110900
20240101,15:16:25,1.45,50,110500
20240101,15:16:42,1.35,50,110500
20240101,15:16:43,1.35,100,110500
20240101,15:16:47,1.4,500,110500
20240101,15:16:49,1.4,250,110500
20240101,15:16:51,1.4,250,110500
20240101,15:16:53,1.4,350,110500
20240101,15:21:27,1.5,300,110700
20240101,15:21:32,1.45,50,110700
20240101,15:22:15,1.4,150,110700
20240101,15:22:40,1.45,50,110700
20240101,15:23:53,1.5,250,110700
20240101,15:24:01,1.5,1800,110700
20240101,15:24:02,1.5,2300,110700
20240101,15:24:02,1.5,800,110700
20240101,15:24:08,1.5,500,110700
20240101,15:24:14,1.5,1000,110100
20240101,15:24:16,1.5,1750,110100
20240101,15:24:44,1.45,250,110100
20240101,15:25:03,1.45,250,110100
20240101,15:25:27,1.4,1800,110100
20240101,15:25:30,1.45,2200,110100
20240101,15:25:31,1.45,150,110100
20240101,15:25:32,1.35,1450,110100
20240101,15:25:33,1.25,3300,110100
20240101,15:25:34,1.35,150,110100
20240101,15:25:35,1.2,50,110100
20240101,15:25:37,1.35,300,110100
20240101,15:25:38,1.3,150,110100
20240101,15:25:52,1.35,250,110100
20240101,15:25:54,1.35,50,110100
20240101,15:25:59,1.4,750,110100
20240101,15:26:01,1.4,50,110100
20240101,15:26:02,1.4,1800,110100
20240101,15:26:06,1.35,50,110100
20240101,15:26:09,1.4,50,110100
20240101,15:26:22,1.35,300,110100
20240101,15:26:23,1.3,1450,110100
20240101,15:26:45,1.3,50,110100
20240101,15:27:21,1.35,50,107450
20240101,15:27:41,1.4,1750,107450
20240101,15:28:16,1.35,100,107450
20240101,15:28:21,1.35,50,107450
20240101,15:28:52,1.35,1800,107450
20240101,15:29:12,1.4,300,107450
20240101,15:29:14,1.4,100,107450
20240101,15:29:16,1.35,1400,107450
20240101,15:29:17,1.35,1300,107450
20240101,15:29:25,1.45,50,107450
20240102,09:15:05,1.5,1,106150
20240102,09:15:05,1.5,50,106150
20240102,09:16:43,1.15,400,106150
20240102,09:16:45,1.15,50,106150
20240102,09:16:52,1.15,50,106150
20240102,09:17:01,1.1,2900,106150
20240102,09:17:13,1.2,150,106150
20240102,09:18:25,1.15,100,106150
20240102,09:18:48,1.15,250,106350
20240102,09:18:59,1.15,450,106350
20240102,09:19:27,1.15,250,106350
20240102,09:20:00,1.15,600,106350
20240102,09:20:30,1.2,50,106350
20240102,09:20:43,1.15,250,106600
20240102,09:22:31,1.15,400,106600
20240102,09:23:24,1.15,50,106600
20240102,09:23:25,1.15,50,106550
20240102,09:23:26,1.15,250,106550
20240102,09:23:41,1.15,50,106550
20240102,09:24:09,1.15,650,106550
20240102,09:24:25,1.15,50,106550
20240102,09:24:48,1.1,1950,106550
20240102,09:25:02,1.1,400,106550
20240102,09:25:03,1.1,50,106550
20240102,09:25:05,1.05,1750,106550
20240102,09:25:06,1.05,1800,106550
20240102,09:25:07,1.05,350,106550
20240102,09:25:42,1.05,750,106550
20240102,09:26:04,1.1,100,106550
20240102,09:27:00,1.1,350,105900
20240102,09:27:06,1.15,100,105900
20240102,09:27:09,1.05,1650,105900
20240102,09:29:22,1.15,1300,105100
20240102,09:31:43,1.1,450,105100
20240102,09:32:05,1.1,100,105100
20240102,09:33:56,1.1,100,103900
20240102,09:34:05,1.1,700,103900
20240102,09:34:09,1.15,1800,103900
20240102,09:34:16,1.15,1800,103900
20240102,09:34:18,1.15,1800,103900
20240102,09:34:35,1.15,1500,103900
20240102,09:34:47,1.15,50,103900
20240102,09:35:01,1.15,350,103900
20240102,09:35:02,1.15,250,103900
20240102,09:35:04,1.15,400,103900
20240102,09:35:06,1.15,150,103900
20240102,09:36:12,1.2,2700,101300
20240102,09:37:28,1.2,3050,101300
20240102,09:37:29,1.2,1800,101300
20240102,09:37:32,1.2,250,101300
20240102,09:38:08,1.2,50,101300
20240102,09:38:29,1.2,1500,101300
20240102,09:38:31,1.2,1500,105400
20240102,09:38:31,1.2,1150,105400
20240102,09:38:34,1.2,1150,105400
20240102,09:38:50,1.15,700,105400
20240102,09:40:25,1.15,50,105400
20240102,09:40:33,1.25,50,105400
20240102,09:49:11,1.15,100,105400
20240102,09:51:19,1.15,650,110700
20240102,09:54:03,1.15,250,110700
20240102,09:54:49,1.1,800,111350
20240102,09:54:52,1.1,800,111350
20240102,09:55:09,1.15,150,111350
20240102,09:56:45,1.1,100,111350
20240102,09:57:05,1.1,2300,112350
20240102,09:57:06,1.05,1800,112350
20240102,09:57:16,1.05,1800,112350
20240102,09:57:25,1.05,50,112350
20240102,09:57:28,1.05,850,112350
20240102,09:57:33,1.05,50,112350
20240102,09:57:40,1.05,150,112350
20240102,09:57:45,1.05,50,112350
20240102,09:57:48,1.0,1800,112350
20240102,09:57:49,1.0,1200,112350
20240102,09:57:51,1.05,450,112350
20240102,09:57:52,1.05,50,112350
20240102,09:58:09,1.05,50,112350
20240102,09:58:26,1.0,2650,112350
20240102,09:58:33,1.0,300,112350
20240102,09:58:35,1.0,900,112350
20240102,09:58:57,1.0,850,112350
20240102,09:59:24,1.0,700,112350
20240102,09:59:34,1.0,200,112350
20240102,09:59:44,1.05,200,101600
20240102,10:00:02,1.05,350,101600
20240102,10:00:12,1.0,600,101600
20240102,10:00:24,1.0,650,101600
20240102,10:00:44,1.05,500,101600
20240102,10:00:50,1.05,300,101600
20240102,10:00:51,1.1,100,101600
20240102,10:01:59,0.95,250,101600
20240102,10:02:06,0.95,650,101600
20240102,10:02:10,0.95,800,101600
20240102,10:03:03,0.9,1200,101600
20240102,10:03:08,0.9,500,100550
20240102,10:03:33,0.9,300,100550
20240102,10:03:48,0.9,650,100550
20240102,10:04:02,0.9,50,100550
20240102,10:04:09,0.9,50,100550
20240102,10:04:15,0.9,50,100550
20240102,10:04:23,0.9,350,100550
20240102,10:04:52,0.9,50,100550
20240102,10:05:08,0.9,750,100550
20240102,10:05:09,0.9,250,100550
20240102,10:05:44,0.9,400,100550
20240102,10:05:44,0.9,750,98400
20240102,10:05:58,0.95,1600,98400
20240102,10:06:39,1.0,500,98400
20240102,10:07:22,0.95,600,98400
20240102,10:07:40,0.95,300,98400
20240102,10:07:44,0.95,50,98400
20240102,10:07:46,0.95,100,98400
20240102,10:08:57,1.0,250,98400
20240102,10:08:59,1.0,250,98150
20240102,10:09:18,1.0,700,98150
20240102,10:09:20,1.0,400,98150
20240102,10:09:25,1.0,400,98150
20240102,10:09:52,1.0,50,98150
20240102,10:16:55,1.0,250,97500
20240102,10:18:30,1.0,50,97500
20240102,10:19:37,1.05,1850,97500
20240102,10:22:05,1.05,250,97100
20240102,10:22:42,1.0,4950,97100
20240102,10:24:35,1.0,100,99300
20240102,10:26:43,0.95,400,99300
20240102,10:26:47,1.0,150,99200
20240102,10:27:12,1.0,250,99200
20240102,10:28:29,1.0,800,99200
20240102,10:28:46,0.95,50,99200
20240102,10:29:05,0.95,250,99200
20240102,10:29:06,0.95,250,99200
20240102,10:29:07,0.95,150,99200
20240102,10:29:53,0.9,250,97950
20240102,10:30:06,0.9,900,97950
20240102,10:30:11,0.9,50,97950
20240102,10:30:23,0.85,4000,97950
20240102,10:30:24,0.85,1850,97950
20240102,10:30:27,0.8,4250,97950
20240102,10:30:33,0.8,1400,97950
20240102,10:30:39,0.8,450,97950
20240102,10:30:47,0.75,2200,97950
20240102,10:30:48,0.75,1550,97950
20240102,10:30:49,0.8,200,97950
20240102,10:32:10,0.8,100,97950
20240102,10:32:12,0.75,1800,97950
20240102,10:32:22,0.7,3200,97950
20240102,10:32:30,0.75,1400,97950
20240102,10:32:30,0.75,150,97950
20240102,10:32:33,0.75,50,87050
20240102,10:32:45,0.8,200,87050
20240102,10:32:59,0.8,500,87050
20240102,10:33:00,0.8,400,87050
20240102,10:33:05,0.8,50,87050
20240102,10:33:09,0.85,100,87050
20240102,10:33:24,0.8,50,87050
20240102,10:34:09,0.85,300,87050
20240102,10:34:22,0.85,200,87050
20240102,10:34:50,0.85,50,87050
20240102,10:36:26,0.85,50,87150
20240102,10:36:28,0.85,50,87150
20240102,10:36:44,0.85,50,87150
20240102,10:36:50,0.85,50,87150
20240102,10:37:06,0.9,750,87150
20240102,10:37:11,0.9,1500,87150
20240102,10:37:20,0.9,50,87150
20240102,10:37:36,0.85,400,87150
20240102,10:37:45,0.85,250,87150
20240102,10:37:47,0.9,1500,87150
20240102,10:37:58,0.85,350,87150
20240102,10:38:01,0.85,100,87150
20240102,10:38:13,0.9,700,87150
20240102,10:38:18,0.85,500,87150
20240102,10:39:13,0.85,150,87150
20240102,10:39:49,0.9,500,83800
20240102,10:40:15,0.9,1500,83800
20240102,10:40:24,0.9,700,83800
20240102,10:40:45,0.9,100,83800
20240102,10:41:06,0.9,250,83800
20240102,10:41:07,0.9,700,83800
20240102,10:41:31,0.9,350,83800
20240102,10:41:32,0.9,50,83150
20240102,10:41:33,0.95,1800,83150
20240102,10:42:16,0.9,250,83150
20240102,10:42:17,0.9,500,83150
20240102,10:42:49,0.9,1050,83150
20240102,10:47:59,0.9,400,82500
20240102,10:48:07,0.9,300,82500
20240102,10:48:11,0.9,50,82500
20240102,10:48:11,0.9,250,82500
20240102,10:48:29,0.9,1150,82500
20240102,10:48:35,0.95,700,82500
20240102,10:48:51,0.9,50,82500
20240102,10:48:53,0.9,50,82500
20240102,10:49:11,0.9,100,82500
20240102,10:49:34,0.9,50,82500
20240102,10:49:59,0.9,50,82500
20240102,10:55:50,0.9,100,82900
20240102,11:04:07,0.9,500,82950
20240102,11:04:08,0.9,750,82950
20240102,11:04:09,0.9,1400,82950
20240102,11:04:10,0.9,100,82950
20240102,11:04:24,0.9,250,82950
20240102,11:08:17,0.9,250,80900
20240102,11:09:25,0.95,50,80750
20240102,11:10:02,0.95,50,80750
20240102,11:11:23,0.95,450,80750
20240102,11:12:06,0.95,350,81300
20240102,11:12:06,0.95,600,81300
20240102,11:12:13,0.95,50,81300
20240102,11:13:00,1.0,250,81300
20240102,11:13:06,1.0,850,81300
20240102,11:13:07,1.05,550,81300
20240102,11:13:11,1.05,100,81300
20240102,11:15:16,1.0,1850,81300
20240102,11:15:17,1.0,800,83100
20240102,11:15:51,1.0,600,83100
20240102,11:18:51,0.95,50,83700
20240102,11:19:41,1.0,250,83700
20240102,11:19:51,1.0,350,83700
20240102,11:19:53,1.0,100,83700
20240102,11:20:08,1.0,2600,83700
20240102,11:20:13,1.0,700,83700
20240102,11:23:59,0.95,100,86350
20240102,11:28:10,0.95,600,86300
20240102,11:28:14,0.95,650,86300
20240102,11:28:38,0.95,250,86300
20240102,11:28:39,0.95,150,86300
20240102,11:28:43,0.95,100,86300
20240102,11:29:57,0.95,50,86300
20240102,11:30:15,0.9,1800,87800
20240102,11:30:16,0.9,200,87800
20240102,11:30:41,0.95,100,87800
20240102,11:31:03,0.95,100,87800
20240102,11:31:12,0.95,100,87800
20240102,11:31:17,0.95,50,87800
20240102,11:31:52,0.95,250,87800
20240102,11:32:36,0.95,250,87800
20240102,11:32:38,0.95,50,87800
20240102,11:34:57,0.9,300,88100
20240102,11:37:26,0.95,100,88000
20240102,11:40:42,0.95,1800,88000
20240102,11:48:43,0.95,1000,88050
20240102,11:48:44,0.95,50,88050
20240102,11:51:54,0.95,50,88050
20240102,11:52:15,0.95,50,89000
20240102,11:53:14,0.95,50,89000
20240102,11:53:23,0.95,4800,89000
20240102,11:53:23,0.9,450,89000
20240102,11:54:28,0.95,1900,88450
20240102,11:54:36,0.9,250,88450
20240102,11:54:42,0.9,250,88450
20240102,11:55:03,0.9,50,88450
20240102,11:55:26,0.95,100,88450
20240102,11:59:48,0.9,50,87300
20240102,11:59:49,0.9,50,87300
20240102,11:59:54,0.9,1100,87300
20240102,12:04:47,0.9,250,86200
20240102,12:04:55,0.9,50,86200
20240102,12:08:23,0.9,50,86200
20240102,12:09:04,0.85,50,86200
20240102,12:09:45,0.85,1300,86200
20240102,12:09:46,0.8,100,86200
20240102,12:09:51,0.85,50,86200
20240102,12:11:25,0.8,50,86200
20240102,12:11:31,0.85,250,86200
20240102,12:14:19,0.85,250,86200
20240102,12:15:44,0.85,1000,85200
20240102,12:16:11,0.85,250,85200
20240102,12:16:12,0.8,250,85200
20240102,12:17:03,0.85,1800,85200
20240102,12:18:44,0.85,200,85200
20240102,12:20:29,0.85,150,84200
20240102,12:20:37,0.85,500,84200
20240102,12:20:51,0.85,100,84200
20240102,12:21:19,0.85,300,83700
20240102,12:21:20,0.8,300,83700
20240102,12:21:47,0.85,2200,83700
20240102,12:22:13,0.85,50,83700
20240102,12:28:31,0.85,800,83700
20240102,12:29:48,0.85,100,81800
20240102,12:30:16,0.85,250,81800
20240102,12:31:27,0.85,1650,81800
20240102,12:34:12,0.85,250,82750
20240102,12:34:27,0.85,850,82750
20240102,12:37:53,0.8,400,82750
20240102,12:38:18,0.8,300,82850
20240102,12:38:20,0.8,250,82850
20240102,12:38:21,0.8,50,82850
20240102,12:40:55,0.85,1050,82400
20240102,12:50:59,0.9,350,83350
20240102,12:53:22,0.9,250,83350
20240102,12:59:23,0.9,50,83350
20240102,13:06:17,0.9,1500,83500
20240102,13:12:48,0.9,400,84450
20240102,13:15:58,0.85,1000,84050
20240102,13:15:59,0.85,50,84050
20240102,13:16:31,0.85,900,84050
20240102,13:16:32,0.85,50,84050
20240102,13:19:39,0.85,50,82600
20240102,13:22:15,0.8,50,82650
20240102,13:38:11,0.85,250,82650
20240102,13:38:13,0.85,100,82650
20240102,13:39:24,0.85,100,82650
20240102,13:47:07,0.85,50,82650
20240102,13:48:43,0.85,50,82600
20240102,13:52:56,0.9,50,82600
20240102,13:53:19,0.9,50,82550
20240102,14:12:12,0.95,100,82550
20240102,14:12:13,0.85,500,82550
20240102,14:12:50,0.9,150,82550
20240102,14:12:51,0.9,650,82550
20240102,14:12:55,0.9,50,82550
20240102,14:15:34,0.9,350,82550
20240102,14:15:35,0.95,700,81850
20240102,14:15:57,0.95,100,81850
20240102,14:16:00,0.95,250,81850
20240102,14:16:56,0.95,1100,81850
20240102,14:16:57,1.0,200,81850
20240102,14:17:38,1.0,50,81850
20240102,14:17:39,1.0,150,81850
20240102,14:18:14,1.05,200,81850
20240102,14:18:42,1.05,250,81850
20240102,14:18:47,1.05,100,81850
20240102,14:18:49,1.05,50,81850
20240102,14:19:41,1.1,1800,81850
20240102,14:19:42,1.1,100,81850
20240102,14:19:43,1.15,250,81850
20240102,14:19:43,1.15,1400,81850
20240102,14:20:09,1.1,250,81850
20240102,14:20:10,1.1,100,81850
20240102,14:20:12,1.1,100,81850
20240102,14:20:13,1.1,50,81850
20240102,14:20:14,1.15,1350,81850
20240102,14:20:20,1.15,1800,81850
20240102,14:20:41,1.15,650,81850
20240102,14:20:42,1.15,200,81850
20240102,14:20:54,1.15,2150,81850
20240102,14:20:58,1.2,1850,81850
20240102,14:21:23,1.2,2050,81850
20240102,14:21:54,1.15,50,91500
20240102,14:21:57,1.15,200,91500
20240102,14:22:03,1.2,1900,91500
20240102,14:22:06,1.15,250,91500
20240102,14:22:07,1.15,400,91500
20240102,14:22:08,1.15,50,91500
20240102,14:22:09,1.2,200,91500
20240102,14:22:20,1.2,50,91500
20240102,14:22:47,1.15,250,91500
20240102,14:23:16,1.1,300,91500
20240102,14:23:17,1.15,100,91500
20240102,14:23:40,1.15,250,91500
20240102,14:24:13,1.1,100,94900
20240102,14:24:46,1.05,50,94900
20240102,14:25:09,1.1,100,94900
20240102,14:25:43,1.05,200,94900
20240102,14:26:50,1.1,250,94900
20240102,14:27:28,1.05,50,94900
20240102,14:27:30,1.1,250,95150
20240102,14:28:01,1.1,500,95150
20240102,14:28:06,1.1,300,95150
20240102,14:28:20,1.05,250,95150
20240102,14:30:02,1.1,100,95150
20240102,14:30:39,1.1,150,95200
20240102,14:31:28,1.0,50,95200
20240102,14:32:10,1.05,100,95200
20240102,14:32:30,1.0,350,95200
20240102,14:32:50,1.05,200,95200
20240102,14:32:59,1.05,100,95200
20240102,14:33:16,1.05,50,95300
20240102,14:33:17,1.1,400,95300
20240102,14:33:19,1.1,50,95300
20240102,14:33:20,1.1,500,95300
20240102,14:33:23,1.15,900,95300
20240102,14:33:24,1.2,2050,95300
20240102,14:33:26,1.2,2600,95300
20240102,14:33:49,1.15,700,95300
20240102,14:34:04,1.2,3200,95300
20240102,14:34:05,1.25,500,95300
20240102,14:34:06,1.25,250,95300
20240102,14:34:11,1.2,1300,95300
20240102,14:34:26,1.2,1600,95300
20240102,14:34:28,1.2,100,95300
20240102,14:35:05,1.2,400,95300
20240102,14:36:01,1.2,600,95300
20240102,14:36:50,1.2,200,95300
20240102,14:36:51,1.25,600,101450
20240102,14:36:58,1.25,1800,101450
20240102,14:37:02,1.2,50,101450
20240102,14:37:03,1.2,50,101450
20240102,14:37:07,1.2,300,101450
20240102,14:37:31,1.25,300,101450
20240102,14:37:32,1.25,850,101450
20240102,14:37:33,1.25,150,101450
20240102,14:37:34,1.3,150,101450
20240102,14:37:36,1.3,100,101450
20240102,14:37:37,1.3,250,101450
20240102,14:37:38,1.3,1900,101450
20240102,14:37:55,1.25,500,101450
20240102,14:38:07,1.3,700,101450
20240102,14:38:11,1.35,750,101450
20240102,14:38:12,1.35,2500,101450
20240102,14:38:13,1.3,1850,101450
20240102,14:38:15,1.35,150,101450
20240102,14:38:24,1.3,100,101450
20240102,14:38:37,1.35,550,101450
20240102,14:39:25,1.25,1000,109650
20240102,14:39:35,1.3,600,109650
20240102,14:39:37,1.35,100,109650
20240102,14:39:44,1.3,50,109650
20240102,14:39:52,1.35,1800,109650
20240102,14:39:57,1.35,50,109650
20240102,14:39:59,1.4,1050,109650
20240102,14:40:00,1.4,350,109650
20240102,14:40:01,1.4,50,109650
20240102,14:40:03,1.4,50,109650
20240102,14:40:03,1.4,600,109650
20240102,14:40:04,1.4,50,109650
20240102,14:40:05,1.4,50,109650
20240102,14:40:07,1.4,250,109650
20240102,14:40:08,1.4,200,109650
20240102,14:40:08,1.4,50,109650
20240102,14:40:09,1.4,2300,109650
20240102,14:40:19,1.4,2200,109650
20240102,14:40:24,1.4,1800,109650
20240102,14:40:27,1.35,2050,109650
20240102,14:40:28,1.4,2000,109650
20240102,14:40:31,1.4,50,109650
20240102,14:40:35,1.45,1000,109650
20240102,14:40:36,1.45,400,109650
20240102,14:40:37,1.45,150,109650
20240102,14:40:38,1.45,600,109650
20240102,14:40:39,1.45,1700,109650
20240102,14:40:40,1.45,200,109650
20240102,14:40:45,1.4,50,109650
20240102,14:40:50,1.45,1700,109650
20240102,14:40:51,1.45,200,109650
20240102,14:40:53,1.45,2100,109650
20240102,14:40:55,1.45,100,109650
20240102,14:41:01,1.45,400,109650
20240102,14:41:37,1.45,3850,109650
20240102,14:42:40,1.4,450,109650
20240102,14:42:44,1.45,1000,130450
20240102,14:42:46,1.5,50,130450
20240102,14:43:01,1.45,1800,130450
20240102,14:43:09,1.4,50,130450
20240102,14:43:53,1.35,750,130450
20240102,14:43:57,1.35,50,130450
20240102,14:44:17,1.35,150,130450
20240102,14:44:36,1.3,1000,130450
20240102,14:44:37,1.3,50,130450
20240102,14:44:41,1.35,1000,130450
20240102,14:44:42,1.35,1050,130450
20240102,14:44:43,1.3,2500,130450
20240102,14:44:48,1.3,250,130450
20240102,14:44:53,1.35,1400,130450
20240102,14:45:04,1.4,550,130450
20240102,14:45:05,1.4,1250,130450
20240102,14:45:06,1.35,1800,130450
20240102,14:45:08,1.35,700,131700
20240102,14:45:09,1.3,700,131700
20240102,14:45:30,1.35,200,131700
20240102,14:45:34,1.35,200,131700
20240102,14:45:40,1.35,200,131700
20240102,14:45:45,1.35,200,131700
20240102,14:45:49,1.35,200,131700
20240102,14:45:52,1.35,200,131700
20240102,14:46:02,1.35,200,131700
20240102,14:46:22,1.3,400,131700
20240102,14:46:23,1.3,2050,131700
20240102,14:46:24,1.3,2250,131700
20240102,14:46:25,1.3,1250,131700
20240102,14:46:26,1.35,600,131700
20240102,14:46:27,1.35,50,131700
20240102,14:46:29,1.35,50,131700
20240102,14:46:38,1.3,100,131700
20240102,14:46:40,1.35,50,131700
20240102,14:46:41,1.35,50,131700
20240102,14:46:43,1.35,100,131700
20240102,14:46:45,1.35,50,131700
20240102,14:46:46,1.35,50,131700
20240102,14:46:48,1.35,100,131700
20240102,14:46:50,1.35,50,131700
20240102,14:46:51,1.35,50,131700
20240102,14:46:53,1.35,50,131700
20240102,14:46:55,1.35,50,131700
20240102,14:46:56,1.35,50,131700
20240102,14:46:58,1.35,100,131700
20240102,14:47:00,1.35,50,131700
20240102,14:47:01,1.35,50,131700
20240102,14:47:03,1.35,50,131700
20240102,14:47:30,1.3,350,131700
20240102,14:47:47,1.3,800,131700
20240102,14:47:48,1.3,50,131700
20240102,14:47:49,1.3,50,131700
20240102,14:47:51,1.3,100,131700
20240102,14:47:53,1.3,50,131700
20240102,14:47:55,1.3,50,131700
20240102,14:47:56,1.3,50,131700
20240102,14:47:58,1.3,50,131700
20240102,14:47:59,1.3,50,131700
20240102,14:48:00,1.3,50,131700
20240102,14:48:01,1.3,600,131700
20240102,14:48:03,1.3,100,131700
20240102,14:48:05,1.3,50,131700
20240102,14:48:06,1.3,50,131700
20240102,14:48:08,1.3,50,128300
20240102,14:48:09,1.3,50,128300
20240102,14:48:11,1.3,50,128300
20240102,14:48:13,1.3,50,128300
20240102,14:48:14,1.3,50,128300
20240102,14:48:16,1.3,50,128300
20240102,14:48:18,1.3,50,128300
20240102,14:48:19,1.3,50,128300
20240102,14:48:21,1.3,50,128300
20240102,14:48:23,1.3,400,128300
20240102,14:48:23,1.3,50,128300
20240102,14:48:24,1.3,450,128300
20240102,14:48:26,1.3,50,128300
20240102,14:48:28,1.3,50,128300
20240102,14:48:29,1.3,50,128300
20240102,14:48:31,1.3,100,128300
20240102,14:48:33,1.3,50,128300
20240102,14:48:34,1.3,50,128300
20240102,14:48:35,1.3,350,128300
20240102,14:48:36,1.3,100,128300
20240102,14:48:37,1.3,50,128300
20240102,14:48:38,1.3,300,128300
20240102,14:48:39,1.3,100,128300
20240102,14:48:40,1.25,850,128300
20240102,14:48:41,1.3,200,128300
20240102,14:48:42,1.3,650,128300
20240102,14:48:43,1.3,300,128300
20240102,14:48:44,1.3,200,128300
20240102,14:48:45,1.3,1900,128300
20240102,14:48:46,1.3,50,128300
20240102,14:48:47,1.3,50,128300
20240102,14:48:49,1.3,100,128300
20240102,14:48:51,1.3,50,128300
20240102,14:48:54,1.3,50,128300
20240102,14:48:56,1.3,50,128300
20240102,14:48:57,1.3,50,128300
20240102,14:48:59,1.3,50,128300
20240102,14:49:01,1.25,200,128300
20240102,14:49:37,1.25,50,128300
20240102,14:49:41,1.25,400,128300
20240102,14:49:46,1.2,100,128300
20240102,14:50:12,1.2,200,128300
20240102,14:50:27,1.2,100,128300
20240102,14:50:30,1.2,1000,128300
20240102,14:51:18,1.25,450,125150
20240102,14:51:44,1.2,1800,125150
20240102,14:51:44,1.2,100,125150
20240102,14:53:34,1.2,200,125150
20240102,14:54:27,1.2,50,126850
20240102,14:54:40,1.15,400,126850
20240102,14:56:43,1.25,150,126850
20240102,14:56:57,1.2,450,126850
20240102,14:57:13,1.2,50,126850
20240102,14:57:43,1.2,50,127100
20240102,14:57:46,1.15,450,127100
20240102,15:00:43,1.1,300,127100
20240102,15:00:52,1.1,500,127100
20240102,15:00:53,1.1,500,127100
20240102,15:00:55,1.15,1000,127100
20240102,15:01:30,1.15,450,127100
20240102,15:01:32,1.15,700,127100
20240102,15:01:45,1.2,400,127100
20240102,15:01:55,1.2,600,127100
20240102,15:02:32,1.2,900,127100
20240102,15:03:46,1.2,350,126900
20240102,15:03:46,1.2,700,126900
20240102,15:03:47,1.2,750,126900
20240102,15:04:14,1.2,550,126900
20240102,15:04:43,1.15,250,126900
20240102,15:05:59,1.2,1000,126900
20240102,15:06:03,1.2,1000,126900
20240102,15:06:11,1.2,250,126900
20240102,15:06:30,1.15,1000,129000
20240102,15:09:05,1.2,1800,129000
20240102,15:09:09,1.2,300,129000
20240102,15:09:21,1.2,50,129250
20240102,15:09:51,1.2,500,129250
20240102,15:10:14,1.2,1200,129250
20240102,15:10:46,1.25,100,129250
20240102,15:11:29,1.25,300,129250
20240102,15:11:29,1.25,550,129250
20240102,15:11:52,1.25,1800,129250
20240102,15:12:52,1.2,400,129250
20240102,15:12:55,1.25,1250,130300
20240102,15:12:59,1.25,1350,130300
20240102,15:13:17,1.3,200,130300
20240102,15:13:22,1.25,50,130300
20240102,15:13:26,1.25,50,130300
20240102,15:13:29,1.25,50,130300
20240102,15:13:40,1.2,500,130300
20240102,15:14:30,1.2,50,130300
20240102,15:15:20,1.15,700,130300
20240102,15:15:55,1.15,1700,131300
20240102,15:16:01,1.15,1800,131300
20240102,15:16:04,1.15,1800,131300
20240102,15:16:28,1.3,1100,131300
20240102,15:16:31,1.15,450,131300
20240102,15:16:35,1.15,300,131300
20240102,15:16:37,1.15,50,131300
20240102,15:16:38,1.15,350,131300
20240102,15:16:39,1.15,250,131300
20240102,15:16:41,1.15,300,131300
20240102,15:16:44,1.15,250,131300
20240102,15:16:49,1.15,250,131300
20240102,15:16:57,1.15,250,131300
20240102,15:16:59,1.15,50,131300
20240102,15:17:01,1.15,200,131300
20240102,15:17:04,1.15,50,131300
20240102,15:17:05,1.15,50,131300
20240102,15:17:27,1.15,500,131300
20240102,15:17:43,1.15,500,131300
20240102,15:18:00,1.1,1300,131300
20240102,15:18:02,1.1,400,131300
20240102,15:18:10,1.1,250,133200
20240102,15:18:23,1.1,1850,133200
20240102,15:18:26,1.1,400,133200
20240102,15:19:12,1.05,250,133200
20240102,15:20:13,1.05,50,133200
20240102,15:20:46,1.1,50,133200
20240102,15:21:01,1.15,100,133200
20240102,15:21:22,1.15,600,133200
20240102,15:22:30,1.05,1000,132150
20240102,15:23:30,1.15,650,132150
20240102,15:23:38,1.1,50,132150
20240102,15:24:39,1.05,50,131450
20240102,15:24:47,1.05,50,131450
20240102,15:25:02,1.15,100,131450
20240102,15:25:08,1.15,200,131450
20240102,15:25:11,1.15,100,131450
20240102,15:25:13,1.15,100,131450
20240102,15:25:16,1.15,100,131450
20240102,15:25:18,1.15,100,131450
20240102,15:25:19,1.15,50,131450
20240102,15:25:24,1.05,1000,131450
20240102,15:25:40,1.05,50,131450
20240102,15:25:49,1.1,600,131450
20240102,15:25:50,1.15,350,131450
20240102,15:25:56,1.05,50,131450
20240102,15:26:08,1.1,50,131450
20240102,15:26:53,1.15,250,131450
20240102,15:27:21,1.1,50,131450
20240102,15:28:23,1.05,2000,131300
20240102,15:28:23,1.05,2150,131300
20240102,15:29:50,1.2,200,131300
20240103,09:15:07,1.1,1,129250
20240103,09:15:07,1.1,50,129250
20240103,09:15:34,0.9,100,129250
20240103,09:15:45,0.85,100,129250
20240103,09:17:03,0.85,350,129250
20240103,09:17:05,0.85,3450,129250
20240103,09:17:06,0.95,1900,129250
20240103,09:17:14,1.0,50,129250
20240103,09:17:38,1.0,700,129250
20240103,09:17:39,0.95,900,130200
20240103,09:17:40,0.95,150,130200
20240103,09:17:41,0.95,150,130200
20240103,09:17:42,1.0,550,130200
20240103,09:17:51,1.05,200,130200
20240103,09:18:42,1.0,100,130200
20240103,09:19:12,1.05,550,130200
20240103,09:19:12,1.05,1950,130200
20240103,09:19:15,1.0,850,130200
20240103,09:19:27,1.05,200,130200
20240103,09:19:27,1.1,650,130200
20240103,09:19:31,1.05,900,130200
20240103,09:19:42,1.05,550,130200
20240103,09:19:48,1.05,250,130200
20240103,09:19:53,1.05,250,130200
20240103,09:19:55,1.05,250,130200
20240103,09:19:57,1.05,350,130200
20240103,09:19:58,1.05,250,130200
20240103,09:20:03,1.1,1000,130200
20240103,09:20:05,1.05,950,130200
20240103,09:20:08,1.05,750,130200
20240103,09:20:16,1.1,2550,130200
20240103,09:20:33,1.05,200,130200
20240103,09:20:41,1.05,50,136200
20240103,09:20:42,1.05,1800,136200
20240103,09:20:45,1.05,100,136200
20240103,09:21:09,1.05,350,136200
20240103,09:21:32,1.0,50,136200
20240103,09:21:54,1.0,100,136200
20240103,09:22:00,1.0,200,136200
20240103,09:22:07,1.05,300,136200
20240103,09:22:08,1.05,250,136200
20240103,09:22:14,1.0,50,136200
20240103,09:22:57,1.0,1800,136200
20240103,09:23:08,1.0,400,136200
20240103,09:23:56,1.0,1800,136200
20240103,09:23:59,1.0,50,137150
20240103,09:24:04,1.0,1750,137150
20240103,09:24:18,1.0,50,137150
20240103,09:25:02,1.0,2300,137150
20240103,09:25:10,1.0,350,137150
20240103,09:25:32,1.0,450,137150
20240103,09:27:11,0.95,1100,137150
20240103,09:27:11,0.95,100,137950
20240103,09:27:16,0.95,50,137950
20240103,09:27:30,0.95,1000,137950
20240103,09:27:35,0.95,50,137950
20240103,09:27:36,0.95,1550,137950
20240103,09:27:38,0.9,350,137950
20240103,09:27:41,0.95,450,137950
20240103,09:27:43,0.95,250,137950
20240103,09:27:45,0.95,50,137950
20240103,09:27:47,0.95,250,137950
20240103,09:27:52,0.95,300,137950
20240103,09:29:46,0.95,500,137950
20240103,09:31:28,0.95,250,138900
20240103,09:31:28,0.95,100,138900
20240103,09:31:46,0.95,1100,138900
20240103,09:32:43,1.0,2250,140850
20240103,09:32:48,1.0,50,140850
20240103,09:33:42,1.0,550,140850
20240103,09:33:47,1.0,50,140850
20240103,09:33:57,0.95,250,140850
20240103,09:34:29,0.95,1300,140850
20240103,09:34:33,0.95,100,140850
20240103,09:34:36,0.95,100,140850
20240103,09:35:00,0.9,1800,140850
20240103,09:35:15,0.95,200,140850
20240103,09:35:16,0.95,100,140850
20240103,09:35:31,0.95,150,140850
20240103,09:35:32,1.05,3450,143150
20240103,09:35:33,1.0,800,143150
20240103,09:35:46,1.0,200,143150
20240103,09:36:09,0.95,250,143150
20240103,09:36:58,0.95,500,143150
20240103,09:38:22,0.9,50,143150
20240103,09:38:45,0.95,1800,144100
20240103,09:39:07,0.9,800,144100
20240103,09:39:37,0.9,100,144100
20240103,09:39:46,0.9,1000,144100
20240103,09:39:51,0.9,250,144100
20240103,09:39:57,0.9,600,144100
20240103,09:40:00,0.85,300,144100
20240103,09:40:43,0.9,250,144100
20240103,09:40:50,0.9,250,144100
20240103,09:41:13,0.85,1800,144100
20240103,09:41:31,0.85,250,148050
20240103,09:41:42,0.85,2350,148050
20240103,09:41:46,0.85,1200,148050
20240103,09:41:46,0.85,250,148050
20240103,09:41:59,0.8,250,148050
20240103,09:42:23,0.8,300,148050
20240103,09:42:38,0.8,750,148050
20240103,09:42:46,0.8,50,148050
20240103,09:43:56,0.75,300,148050
20240103,09:43:58,0.75,250,148050
20240103,09:44:02,0.75,1800,148050
20240103,09:44:05,0.75,1850,148050
20240103,09:44:06,0.7,1800,148050
20240103,09:44:39,0.7,200,142200
20240103,09:44:44,0.7,250,142200
20240103,09:44:46,0.7,850,142200
20240103,09:44:48,0.7,50,142200
20240103,09:44:56,0.7,800,142200
20240103,09:45:10,0.65,1800,142200
20240103,09:45:13,0.65,2400,142200
20240103,09:45:21,0.65,250,142200
20240103,09:46:04,0.65,2150,142200
20240103,09:46:18,0.65,600,142200
20240103,09:48:14,0.65,600,137000
20240103,09:48:15,0.65,1750,137000
20240103,09:49:30,0.65,2250,137000
20240103,09:49:36,0.6,1350,137000
20240103,09:49:37,0.6,50,137000
20240103,09:50:38,0.7,1900,134800
20240103,09:53:47,0.7,200,134650
20240103,09:53:48,0.7,1300,134650
20240103,09:53:55,0.7,2850,134650
20240103,09:54:22,0.7,550,134650
20240103,09:54:25,0.7,50,134650
20240103,09:54:46,0.75,1800,134650
20240103,09:54:49,0.75,1800,134650
20240103,09:54:52,0.7,400,134650
20240103,09:55:02,0.75,300,134650
20240103,09:55:04,0.75,500,134650
20240103,09:55:29,0.75,1750,134650
20240103,09:55:41,0.75,700,134650
20240103,09:55:44,0.75,250,134650
20240103,09:55:58,0.75,250,134650
20240103,09:56:27,0.75,250,134650
20240103,09:57:05,0.8,250,134650
20240103,09:57:09,0.8,400,130900
20240103,09:57:16,0.75,250,130900
20240103,09:57:41,0.75,250,130900
20240103,09:58:26,0.75,250,130900
20240103,09:58:43,0.75,250,130900
20240103,09:58:52,0.75,100,130900
20240103,09:58:59,0.75,300,130900
20240103,09:59:17,0.75,700,130900
20240103,09:59:45,0.7,350,131200
20240103,10:00:01,0.7,50,131200
20240103,10:00:13,0.7,400,131200
20240103,10:02:37,0.7,450,131200
20240103,10:03:06,0.8,1400,130800
20240103,10:03:23,0.8,400,130800
20240103,10:03:30,0.75,200,130800
20240103,10:04:07,0.75,300,130800
20240103,10:04:08,0.75,100,130800
20240103,10:04:34,0.75,250,130800
20240103,10:04:40,0.75,800,130800
20240103,10:06:07,0.75,650,130050
20240103,10:06:49,0.75,150,130050
20240103,10:07:29,0.75,100,130050
20240103,10:09:49,0.75,350,130050
20240103,10:11:19,0.75,200,129650
20240103,10:12:03,0.7,250,129450
20240103,10:13:41,0.7,1050,129450
20240103,10:15:03,0.7,300,128450
20240103,10:16:02,0.7,100,128450
20240103,10:16:06,0.7,350,128450
20240103,10:16:16,0.75,1200,128450
20240103,10:17:19,0.75,50,128450
20240103,10:21:47,0.7,1800,128450
20240103,10:21:48,0.7,1550,128050
20240103,10:22:10,0.65,3850,128050
20240103,10:22:10,0.65,3650,128050
20240103,10:22:52,0.65,250,128050
20240103,10:22:57,0.65,800,128050
20240103,10:23:54,0.65,300,129450
20240103,10:24:20,0.7,1200,129450
20240103,10:24:37,0.7,250,129450
20240103,10:25:15,0.7,1000,129450
20240103,10:25:16,0.7,100,129450
20240103,10:26:17,0.65,250,129450
20240103,10:28:50,0.65,1100,129450
20240103,10:29:16,0.65,50,129900
20240103,10:30:12,0.65,250,129000
20240103,10:31:40,0.65,50,129000
20240103,10:31:43,0.65,50,129000
20240103,10:32:23,0.65,200,129000
20240103,10:32:25,0.65,50,129000
20240103,10:32:27,0.65,200,129000
20240103,10:35:11,0.7,750,128750
20240103,10:35:13,0.75,500,128750
20240103,10:35:14,0.75,2200,128750
20240103,10:35:15,0.75,1850,128750
20240103,10:35:16,0.85,2550,128750
20240103,10:35:17,0.85,4050,128750
20240103,10:35:20,0.85,250,128750
20240103,10:35:21,0.8,2600,128750
20240103,10:35:24,0.75,900,128750
20240103,10:35:24,0.8,1850,128750
20240103,10:35:26,0.85,600,128750
20240103,10:35:29,0.85,450,128750
20240103,10:35:29,0.8,350,128750
20240103,10:35:30,0.85,2100,128750
20240103,10:35:31,0.9,350,128750
20240103,10:35:32,0.9,650,128750
20240103,10:35:33,0.9,200,128750
20240103,10:35:36,0.85,3500,128750
20240103,10:35:37,0.95,400,128750
20240103,10:35:38,0.95,150,128750
20240103,10:35:39,0.9,2800,142300
20240103,10:35:40,0.9,600,142300
20240103,10:35:41,0.95,500,142300
20240103,10:35:42,0.95,2500,142300
20240103,10:35:43,0.9,3100,142300
20240103,10:35:43,0.95,1800,142300
20240103,10:35:45,0.95,150,142300
20240103,10:35:52,0.85,650,142300
20240103,10:35:53,0.95,200,142300
20240103,10:35:54,0.85,300,142300
20240103,10:35:54,0.9,100,142300
20240103,10:35:55,0.9,200,142300
20240103,10:35:56,0.95,100,142300
20240103,10:36:02,0.95,1800,142300
20240103,10:36:02,0.9,50,142300
20240103,10:36:04,0.95,50,142300
20240103,10:36:21,0.9,1550,142300
20240103,10:36:29,0.9,1900,142300
20240103,10:36:51,0.9,300,142300
20240103,10:37:17,0.85,1850,142300
20240103,10:37:22,0.85,1900,142300
20240103,10:37:30,0.85,800,142300
20240103,10:38:24,0.85,50,142300
20240103,10:38:25,0.85,50,142300
20240103,10:38:26,0.85,50,142300
20240103,10:38:28,0.85,50,142300
20240103,10:38:29,0.85,50,142300
20240103,10:38:30,0.85,50,142300
20240103,10:38:31,0.85,50,142300
20240103,10:38:33,0.85,50,142300
20240103,10:38:34,0.85,50,142300
20240103,10:38:35,0.85,50,142300
20240103,10:38:36,0.85,50,142300
20240103,10:38:38,0.85,50,142300
20240103,10:38:39,0.85,50,153050
20240103,10:38:41,0.85,50,153050
20240103,10:38:42,0.85,50,153050
20240103,10:38:43,0.85,50,153050
20240103,10:38:44,0.85,50,153050
20240103,10:38:45,0.85,50,153050
20240103,10:38:51,0.8,250,153050
20240103,10:38:56,0.8,1800,153050
20240103,10:39:04,0.8,1800,153050
20240103,10:39:06,0.8,1050,153050
20240103,10:39:14,0.8,250,153050
20240103,10:39:17,0.8,250,153050
20240103,10:39:32,0.8,700,153050
20240103,10:40:50,0.8,50,153050
20240103,10:41:31,0.8,350,153050
20240103,10:42:04,0.8,350,153350
20240103,10:42:07,0.8,350,153350
20240103,10:42:11,0.8,1050,153350
20240103,10:42:12,0.8,50,153350
20240103,10:42:13,0.8,50,153350
20240103,10:42:38,0.8,100,153350
20240103,10:42:52,0.75,500,153350
20240103,10:45:18,0.7,1050,153700
20240103,10:45:19,0.75,50,153700
20240103,10:47:33,0.7,1600,153700
20240103,10:48:56,0.7,800,153550
20240103,10:49:31,0.7,1050,153550
20240103,10:50:02,0.7,500,153550
20240103,10:51:05,0.65,750,151800
20240103,10:51:35,0.65,2350,151800
20240103,10:51:35,0.65,350,151800
20240103,10:52:06,0.65,650,151800
20240103,10:52:07,0.65,450,151800
20240103,10:56:55,0.65,100,147800
20240103,10:57:35,0.7,1050,147800
20240103,10:58:41,0.7,400,147800
20240103,10:58:50,0.7,100,147800
20240103,10:58:55,0.7,100,147800
20240103,11:00:10,0.75,50,146050
20240103,11:09:01,0.7,100,146050
20240103,11:10:26,0.75,50,146050
20240103,11:10:38,0.7,1800,146050
20240103,11:10:39,0.7,1800,146050
20240103,11:10:43,0.65,1800,146050
20240103,11:10:43,0.65,2500,146050
20240103,11:10:44,0.65,4600,146050
20240103,11:10:48,0.6,3600,146050
20240103,11:10:49,0.6,3600,146050
20240103,11:10:50,0.6,4800,146050
20240103,11:10:51,0.6,5750,146050
20240103,11:10:53,0.6,50,146050
20240103,11:10:54,0.6,50,146050
20240103,11:10:56,0.6,50,146050
20240103,11:12:43,0.6,700,146050
20240103,11:13:07,0.55,50,158900
20240103,11:13:08,0.55,250,158900
20240103,11:16:32,0.6,1000,158600
20240103,11:16:33,0.6,50,158600
20240103,11:16:41,0.6,2950,158600
20240103,11:16:44,0.6,1800,158600
20240103,11:16:46,0.6,1500,158600
20240103,11:18:53,0.65,450,158600
20240103,11:19:08,0.6,50,160600
20240103,11:19:09,0.65,2350,160600
20240103,11:19:09,0.7,750,160600
20240103,11:19:10,0.7,1500,160600
20240103,11:20:12,0.7,200,160600
20240103,11:20:26,0.7,100,160600
20240103,11:20:26,0.7,500,160600
20240103,11:20:39,0.7,200,160600
20240103,11:20:56,0.7,1600,164400
20240103,11:21:15,0.7,2300,164400
20240103,11:21:16,0.7,650,164400
20240103,11:21:42,0.7,1800,164400
20240103,11:21:46,0.65,100,164400
20240103,11:22:09,0.7,50,164400
20240103,11:22:10,0.7,50,164400
20240103,11:22:11,0.7,50,164400
20240103,11:22:12,0.7,50,164400
20240103,11:22:13,0.7,50,164400
20240103,11:22:34,0.75,250,164400
20240103,11:22:35,0.8,3650,164400
20240103,11:22:37,0.8,3850,164400
20240103,11:22:38,0.8,2200,164400
20240103,11:22:44,0.8,250,164400
20240103,11:22:50,0.8,50,164400
20240103,11:23:17,0.75,50,164400
20240103,11:23:18,0.75,50,164400
20240103,11:23:19,0.75,50,164400
20240103,11:24:08,0.85,1800,164400
20240103,11:25:13,0.75,550,170750
20240103,11:25:33,0.8,100,170750
20240103,11:25:34,0.8,50,170750
20240103,11:25:36,0.8,100,170750
20240103,11:25:46,0.8,100,170750
20240103,11:25:47,0.8,50,170750
20240103,11:25:48,0.8,150,170750
20240103,11:25:49,0.8,50,170750
20240103,11:25:50,0.8,150,170750
20240103,11:25:51,0.8,150,170750
20240103,11:25:52,0.8,50,170750
20240103,11:26:12,0.8,350,170750
20240103,11:26:29,0.8,600,170750
20240103,11:26:36,0.8,50,170750
20240103,11:26:58,0.85,1800,170850
20240103,11:27:01,0.85,2450,170850
20240103,11:27:05,0.8,500,170850
20240103,11:27:28,0.8,1550,170850
20240103,11:28:14,0.8,400,170850
20240103,11:32:53,0.75,250,174250
20240103,11:33:09,0.75,100,174250
20240103,11:33:12,0.75,900,174250
20240103,11:33:15,0.75,50,174250
20240103,11:33:29,0.8,250,174250
20240103,11:36:31,0.75,1000,174250
20240103,11:37:26,0.8,50,174250
20240103,11:37:41,0.75,600,174250
20240103,11:37:46,0.75,200,174250
20240103,11:38:05,0.75,250,174250
20240103,11:41:14,0.7,1800,174500
20240103,11:41:15,0.7,5150,174500
20240103,11:41:16,0.7,1500,174500
20240103,11:41:23,0.65,1800,174500
20240103,11:41:24,0.65,2650,174500
20240103,11:41:24,0.65,1950,174500
20240103,11:41:34,0.65,400,174500
20240103,11:42:17,0.6,50,174500
20240103,11:42:27,0.65,250,181400
20240103,11:43:10,0.65,600,181400
20240103,11:43:13,0.65,600,181400
20240103,11:43:14,0.65,100,181400
20240103,11:43:17,0.65,900,181400
20240103,11:46:27,0.7,1800,181400
20240103,11:46:30,0.7,1800,181400
20240103,11:46:40,0.7,1800,181400
20240103,11:46:42,0.7,450,181400
20240103,11:46:44,0.7,1400,181400
20240103,11:49:09,0.7,500,181400
20240103,11:49:37,0.75,650,181400
20240103,11:49:38,0.75,100,181400
20240103,11:49:44,0.8,1800,181400
20240103,11:49:49,0.8,600,181400
20240103,11:49:51,0.8,700,181400
20240103,11:50:02,0.75,250,181400
20240103,11:51:02,0.8,2300,181400
20240103,11:51:18,0.85,500,179200
20240103,11:51:21,0.85,2250,179200
20240103,11:51:22,0.8,750,179200
20240103,11:51:23,0.85,800,179200
20240103,11:51:26,0.8,100,179200
20240103,11:51:28,0.9,1800,179200
20240103,11:51:35,0.9,2350,179200
20240103,11:51:36,0.95,2250,179200
20240103,11:51:44,0.95,1900,179200
20240103,11:51:44,0.95,50,179200
20240103,11:51:45,0.95,400,179200
20240103,11:51:51,0.9,100,179200
20240103,11:52:20,0.9,200,179200
20240103,11:52:26,0.9,1150,179200
20240103,11:52:40,0.85,50,179200
20240103,11:52:54,0.85,200,179200
20240103,11:53:23,0.85,950,179200
20240103,11:53:45,0.85,250,179200
20240103,11:53:45,0.85,300,179200
20240103,11:53:49,0.8,250,179200
20240103,11:55:01,0.8,50,179200
20240103,11:55:10,0.8,100,191250
20240103,11:55:27,0.8,1800,191250
20240103,11:56:58,0.8,950,191250
20240103,11:57:01,0.8,200,192100
20240103,11:57:13,0.8,400,192100
20240103,11:57:26,0.8,250,192100
20240103,11:58:21,0.8,250,192100
20240103,11:58:32,0.8,250,192100
20240103,11:58:54,0.8,250,192100
20240103,11:58:55,0.8,100,192100
20240103,11:59:21,0.8,50,192100
20240103,12:00:46,0.8,100,192100
20240103,12:01:20,0.75,1500,192300
20240103,12:02:09,0.75,350,192300
20240103,12:03:16,0.7,250,192300
20240103,12:09:21,0.7,900,193600
20240103,12:09:23,0.7,50,193600
20240103,12:09:25,0.7,50,193600
20240103,12:09:28,0.7,50,193600
20240103,12:17:52,0.7,300,193600
20240103,12:21:14,0.7,1700,193950
20240103,12:21:17,0.7,50,193950
20240103,12:22:14,0.7,100,193950
20240103,12:22:18,0.7,400,193950
20240103,12:22:27,0.75,3300,193950
20240103,12:22:29,0.75,100,193950
20240103,12:26:29,0.75,850,192300
20240103,12:26:30,0.75,50,192300
20240103,12:26:32,0.75,50,192300
20240103,12:26:48,0.7,1000,192300
20240103,12:27:02,0.7,300,192450
20240103,12:27:02,0.65,1500,192450
20240103,12:27:06,0.65,500,192450
20240103,12:27:08,0.6,550,192450
20240103,12:27:09,0.6,50,192450
20240103,12:27:56,0.6,2250,192450
20240103,12:28:02,0.6,150,192450
20240103,12:28:40,0.55,600,192450
20240103,12:29:03,0.55,150,192450
20240103,12:29:05,0.55,250,192450
20240103,12:29:06,0.55,650,192450
20240103,12:29:07,0.55,150,192450
20240103,12:30:09,0.6,950,189900
20240103,12:30:16,0.55,700,189900
20240103,12:30:45,0.6,400,189900
20240103,12:31:12,0.55,750,189900
20240103,12:32:27,0.55,50,189900
20240103,12:32:38,0.55,200,189900
20240103,12:41:52,0.6,400,188250
20240103,12:42:32,0.55,150,187850
20240103,12:44:39,0.6,400,187850
20240103,12:45:06,0.55,400,187700
20240103,12:49:17,0.65,850,187300
20240103,12:49:18,0.65,250,187300
20240103,12:49:39,0.65,700,187300
20240103,12:49:40,0.65,350,187300
20240103,12:50:06,0.7,3600,187300
20240103,12:50:10,0.7,50,187300
20240103,12:50:38,0.65,1000,187300
20240103,12:50:44,0.65,1200,187300
20240103,12:53:05,0.65,250,189050
20240103,12:53:32,0.65,250,189050
20240103,12:54:25,0.65,250,189050
20240103,12:54:26,0.7,100,189500
20240103,12:54:30,0.65,250,189500
20240103,12:54:34,0.7,1300,189500
20240103,12:54:38,0.7,50,189500
20240103,12:54:40,0.75,1800,189500
20240103,12:54:42,0.75,50,189500
20240103,12:54:43,0.75,1150,189500
20240103,12:54:44,0.75,50,189500
20240103,12:55:00,0.75,1200,189500
20240103,12:55:23,0.75,1800,189500
20240103,12:55:27,0.8,3150,189500
20240103,12:55:31,0.8,1800,189500
20240103,12:55:45,0.8,50,189500
20240103,12:56:04,0.75,600,189500
20240103,12:56:05,0.75,50,189500
20240103,12:56:06,0.8,50,189500
20240103,12:56:23,0.7,50,189500
20240103,12:56:41,0.7,550,189500
20240103,12:56:42,0.7,50,189500
20240103,12:56:50,0.75,100,189500
20240103,12:56:52,0.8,50,189500
20240103,12:56:54,0.8,1800,189500
20240103,12:56:56,0.75,1400,189500
20240103,12:56:57,0.75,650,189500
20240103,12:56:59,0.9,9550,189500
20240103,12:57:00,0.9,1250,189500
20240103,12:57:01,0.9,1000,207750
20240103,12:57:02,0.9,400,207750
20240103,12:57:05,0.85,50,207750
20240103,12:57:33,0.8,800,207750
20240103,12:57:34,0.8,1000,207750
20240103,12:57:38,0.75,1650,207750
20240103,12:57:39,0.75,200,207750
20240103,12:57:40,0.75,1250,207750
20240103,12:57:41,0.75,400,207750
20240103,12:57:42,0.75,800,207750
20240103,12:57:43,0.75,1900,207750
20240103,12:57:45,0.75,50,207750
20240103,12:57:57,0.75,500,207750
20240103,12:58:20,0.75,400,207750
20240103,12:58:23,0.75,1700,207750
20240103,12:58:32,0.75,100,207750
20240103,12:58:35,0.75,100,207750
20240103,12:58:40,0.75,700,207750
20240103,12:58:49,0.75,600,207750
20240103,12:58:50,0.75,850,207750
20240103,13:00:48,0.7,1150,213800
20240103,13:00:51,0.75,1800,213800
20240103,13:01:20,0.8,1400,213800
20240103,13:01:53,0.8,400,213800
20240103,13:02:05,0.8,600,213800
20240103,13:02:06,0.8,250,213800
20240103,13:02:10,0.8,2250,213800
20240103,13:02:11,0.75,1800,213800
20240103,13:02:12,0.75,3000,213800
20240103,13:02:13,0.7,850,213800
20240103,13:02:18,0.7,400,213800
20240103,13:02:21,0.7,1900,213800
20240103,13:02:24,0.7,50,213800
20240103,13:02:26,0.7,50,213800
20240103,13:03:20,0.75,100,218950
20240103,13:03:40,0.75,150,218950
20240103,13:04:27,0.75,1800,218950
20240103,13:04:40,0.75,250,218950
20240103,13:04:47,0.75,100,218950
20240103,13:05:38,0.7,2400,218950
20240103,13:05:42,0.7,250,218950
20240103,13:05:49,0.7,50,218950
20240103,13:05:59,0.7,50,218950
20240103,13:06:14,0.7,50,218950
20240103,13:06:56,0.7,900,221300
20240103,13:06:58,0.7,100,221300
20240103,13:07:01,0.7,100,221300
20240103,13:07:02,0.7,50,221300
20240103,13:07:19,0.7,50,221300
20240103,13:11:06,0.65,200,221250
20240103,13:11:16,0.7,100,221250
20240103,13:11:47,0.75,800,221250
20240103,13:11:57,0.75,50,221250
20240103,13:12:00,0.75,500,221250
20240103,13:13:46,0.75,1600,222300
20240103,13:13:47,0.75,850,222300
20240103,13:20:43,0.7,50,222300
20240103,13:22:38,0.75,250,222300
20240103,13:22:41,0.75,50,222300
20240103,13:22:42,0.75,100,222300
20240103,13:23:51,0.75,250,222300
20240103,13:23:54,0.75,50,222300
20240103,13:23:58,0.75,50,222300
20240103,13:24:01,0.75,50,222300
20240103,13:24:03,0.75,800,222300
20240103,13:24:04,0.75,150,222300
20240103,13:24:09,0.75,100,222300
20240103,13:27:16,0.7,1800,221750
20240103,13:27:23,0.65,1800,221750
20240103,13:27:24,0.65,1800,221750
20240103,13:27:25,0.65,2050,221750
20240103,13:28:01,0.65,50,221750
20240103,13:28:22,0.65,50,221750
20240103,13:30:00,0.6,650,221750
20240103,13:30:01,0.6,50,221750
20240103,13:30:33,0.65,250,223100
20240103,13:30:36,0.65,250,223100
20240103,13:37:42,0.65,250,223100
20240103,13:40:23,0.65,250,223100
20240103,13:40:47,0.65,50,223100
20240103,13:40:57,0.65,1800,223100
20240103,13:46:46,0.6,50,223100
20240103,13:50:38,0.6,1200,223050
20240103,13:52:10,0.65,1200,223050
20240103,13:55:35,0.6,150,223050
20240103,13:55:37,0.6,1800,223050
20240103,13:55:38,0.55,1800,223050
20240103,13:55:43,0.55,250,223050
20240103,13:57:32,0.6,50,223050
20240103,14:03:24,0.6,1800,219500
20240103,14:04:15,0.6,350,219500
20240103,14:04:29,0.6,400,219500
20240103,14:04:29,0.6,900,219500
20240103,14:04:30,0.6,2500,219500
20240103,14:07:41,0.55,1800,219500
20240103,14:11:51,0.6,2000,216000
20240103,14:13:35,0.6,1250,216000
20240103,14:16:07,0.55,1050,215250
20240103,14:16:09,0.55,250,215150
20240103,14:17:06,0.55,500,215150
20240103,14:17:14,0.55,250,215150
20240103,14:17:35,0.55,1700,215150
20240103,14:20:20,0.5,50,215150
20240103,14:20:42,0.5,200,211400
20240103,14:21:18,0.55,500,211400
20240103,14:22:29,0.65,1450,211350
20240103,14:23:30,0.55,250,211350
20240103,14:24:35,0.55,1200,211350
20240103,14:27:44,0.5,550,211800
20240103,14:27:44,0.5,200,211900
20240103,14:27:47,0.5,650,211900
20240103,14:30:13,0.55,300,211900
20240103,14:32:59,0.5,1750,210500
20240103,14:33:00,0.5,250,210500
20240103,14:33:08,0.5,150,210500
20240103,14:33:36,0.45,1500,211200
20240103,14:33:48,0.45,1350,211200
20240103,14:33:58,0.45,250,211200
20240103,14:34:04,0.45,550,211200
20240103,14:34:09,0.45,250,211200
20240103,14:34:37,0.5,50,211200
20240103,14:34:55,0.45,100,211200
20240103,14:35:00,0.45,500,211200
20240103,14:35:27,0.45,50,211200
20240103,14:35:28,0.45,50,211200
20240103,14:36:59,0.4,150,210400
20240103,14:37:12,0.4,50,210400
20240103,14:37:35,0.4,50,210400
20240103,14:37:50,0.4,200,210400
20240103,14:38:31,0.4,400,210400
20240103,14:38:31,0.4,1400,210400
20240103,14:38:32,0.4,1200,210400
20240103,14:38:33,0.4,850,210400
20240103,14:38:36,0.4,200,210400
20240103,14:38:48,0.4,1000,210400
20240103,14:39:00,0.4,600,210400
20240103,14:39:01,0.4,450,210400
20240103,14:39:01,0.4,350,210400
20240103,14:39:22,0.4,900,206700
20240103,14:40:48,0.4,1000,206700
20240103,14:42:39,0.4,850,206700
20240103,14:43:26,0.35,150,205850
20240103,14:43:40,0.35,450,205850
20240103,14:43:54,0.4,400,205850
20240103,14:44:21,0.4,1300,205850
20240103,14:44:29,0.35,450,205850
20240103,14:44:30,0.4,2400,205850
20240103,14:44:42,0.35,1100,205850
20240103,14:44:44,0.35,1300,205850
20240103,14:44:49,0.35,1400,205850
20240103,14:44:55,0.4,600,205850
20240103,14:45:46,0.35,550,205850
20240103,14:48:19,0.35,1150,198950
20240103,14:48:31,0.35,250,198950
20240103,14:48:33,0.35,400,198950
20240103,14:48:35,0.35,450,198950
20240103,14:49:05,0.35,900,198950
20240103,14:49:07,0.35,200,198950
20240103,14:49:11,0.35,150,198950
20240103,14:51:48,0.4,250,196600
20240103,14:52:09,0.35,500,196600
20240103,14:52:11,0.4,250,196600
20240103,14:55:06,0.4,1250,196100
20240103,14:56:13,0.45,50,196100
20240103,14:56:13,0.4,150,196100
20240103,14:58:22,0.45,2000,196050
20240103,14:58:26,0.45,50,196050
20240103,15:02:04,0.4,50,197700
20240103,15:03:13,0.4,1250,197700
20240103,15:03:24,0.4,350,197700
20240103,15:04:20,0.4,250,197650
20240103,15:05:13,0.4,250,197650
20240103,15:07:10,0.4,1050,197650
20240103,15:07:17,0.35,700,197650
20240103,15:07:30,0.4,50,197650
20240103,15:07:37,0.35,400,197650
20240103,15:10:46,0.4,50,197650
20240103,15:10:57,0.35,1100,196500
20240103,15:11:04,0.35,50,196500
20240103,15:11:57,0.4,250,196500
20240103,15:12:11,0.35,200,196500
20240103,15:13:43,0.35,250,196500
20240103,15:14:23,0.3,50,197100
20240103,15:16:00,0.3,250,196800
20240103,15:16:28,0.35,250,196800
20240103,15:16:31,0.35,250,196800
20240103,15:16:32,0.35,200,196800
20240103,15:17:16,0.35,50,196800
20240103,15:18:01,0.35,50,196800
20240103,15:18:11,0.35,250,196800
20240103,15:18:33,0.3,200,196800
20240103,15:18:46,0.35,250,196450
20240103,15:18:48,0.35,250,196450
20240103,15:19:45,0.35,250,196450
20240103,15:20:01,0.35,50,196450
20240103,15:23:23,0.35,1800,196200
20240103,15:23:35,0.35,50,196200
20240103,15:24:32,0.25,5450,196200
20240103,15:24:33,0.35,250,196200
20240103,15:25:48,0.25,600,196200
20240103,15:25:51,0.25,100,196200
20240103,15:25:55,0.25,100,196200
20240103,15:25:55,0.3,100,196200
20240103,15:25:57,0.25,100,196200
20240103,15:25:58,0.25,50,196200
20240103,15:26:03,0.3,50,196200
20240103,15:26:05,0.3,50,196200
20240103,15:26:08,0.3,200,196200
20240103,15:26:25,0.3,150,196200
20240103,15:27:38,0.3,900,191050
20240103,15:27:38,0.3,250,191050
20240103,15:27:42,0.3,250,191050
20240103,15:28:04,0.3,1150,191050
20240103,15:28:10,0.3,100,191050
20240103,15:28:16,0.35,250,191050
20240103,15:29:28,0.35,150,191050
20240103,15:29:32,0.35,600,191050
20240103,15:29:46,0.25,400,191050
20240104,09:15:05,0.25,1,189400
20240104,09:15:05,0.3,1250,189400
20240104,09:15:07,0.3,250,189400
20240104,09:15:35,0.25,50,189400
20240104,09:15:50,0.25,250,189400
20240104,09:16:04,0.25,250,189400
20240104,09:16:14,0.2,200,189400
20240104,09:16:44,0.2,50,189400
20240104,09:17:02,0.25,50,189400
20240104,09:17:11,0.25,50,189400
20240104,09:17:15,0.2,50,189400
20240104,09:17:16,0.25,50,189400
20240104,09:17:23,0.2,200,190500
20240104,09:19:47,0.2,500,190500
20240104,09:20:07,0.25,250,190500
20240104,09:20:08,0.25,650,190500
20240104,09:21:09,0.25,900,190500
20240104,09:21:45,0.25,50,190500
20240104,09:23:18,0.25,1800,190500
20240104,09:23:20,0.25,1800,190500
20240104,09:23:22,0.25,1800,190500
20240104,09:24:56,0.2,650,190500
20240104,09:25:03,0.2,400,190500
20240104,09:25:21,0.25,1800,190500
20240104,09:25:24,0.25,1800,190500
20240104,09:25:25,0.2,50,190500
20240104,09:25:27,0.25,1800,190500
20240104,09:25:39,0.25,1800,190500
20240104,09:26:22,0.2,1800,189300
20240104,09:26:52,0.2,800,189300
20240104,09:27:01,0.2,500,189300
20240104,09:27:03,0.2,3600,189300
20240104,09:27:04,0.2,1600,189300
20240104,09:28:21,0.15,750,189300
20240104,09:28:23,0.15,250,189300
20240104,09:28:26,0.15,150,189300
20240104,09:29:16,0.15,1800,189300
20240104,09:29:17,0.15,1800,189300
20240104,09:29:19,0.15,3600,189300
20240104,09:29:48,0.15,500,192800
20240104,09:29:51,0.2,100,192800
20240104,09:29:54,0.2,50,192800
20240104,09:29:57,0.2,2800,192800
20240104,09:29:59,0.15,1800,192800
20240104,09:30:00,0.15,1900,192800
20240104,09:30:03,0.15,1800,192800
20240104,09:30:04,0.2,50,192800
20240104,09:30:06,0.2,1000,192800
20240104,09:30:25,0.2,50,192800
20240104,09:30:37,0.15,200,192800
20240104,09:31:47,0.15,50,192800
20240104,09:31:49,0.15,250,192800
20240104,09:31:49,0.15,1800,192800
20240104,09:31:52,0.15,1200,192800
20240104,09:31:56,0.15,950,192800
20240104,09:32:01,0.15,2700,192800
20240104,09:32:02,0.15,250,192800
20240104,09:32:03,0.15,50,192800
20240104,09:32:06,0.15,2700,192800
20240104,09:32:21,0.15,250,192800
20240104,09:32:52,0.15,800,185950
20240104,09:32:56,0.15,850,185950
20240104,09:33:03,0.15,50,185950
20240104,09:34:05,0.15,200,185950
20240104,09:34:12,0.15,600,185950
20240104,09:34:14,0.1,1800,185950
20240104,09:34:23,0.1,1800,185950
20240104,09:35:20,0.1,250,185950
20240104,09:36:30,0.1,1800,185200
20240104,09:36:34,0.1,1800,185200
20240104,09:36:40,0.1,1800,185200
20240104,09:36:42,0.1,1800,185200
20240104,09:36:43,0.1,1800,185200
20240104,09:36:44,0.1,3600,185200
20240104,09:36:50,0.1,4000,185200
20240104,09:36:52,0.15,100,185200
20240104,09:37:01,0.1,1800,185200
20240104,09:37:03,0.1,1800,185200
20240104,09:37:10,0.1,1800,185200
20240104,09:38:39,0.1,1800,185200
20240104,09:38:51,0.1,1800,175550
20240104,09:40:21,0.15,50,175550
20240104,09:49:32,0.1,3600,175550
20240104,09:52:16,0.1,150,175550
20240104,09:52:35,0.1,3600,175550
20240104,09:52:36,0.1,3600,175550
20240104,09:52:38,0.1,50,175550
20240104,09:52:41,0.1,1350,175550
20240104,09:54:58,0.1,1800,175550
20240104,09:55:13,0.1,1800,175550
20240104,09:57:26,0.15,500,175550
20240104,09:57:27,0.15,4500,175550
20240104,09:58:10,0.1,3850,175550
20240104,09:58:56,0.1,100,175550
20240104,09:59:55,0.1,3650,172150
20240104,09:59:55,0.1,50,172150
20240104,09:59:59,0.15,7200,172150
20240104,09:59:59,0.15,3600,172150
20240104,10:00:00,0.1,7400,172150
20240104,10:00:10,0.1,400,172150
20240104,10:00:16,0.1,3600,172150
20240104,10:00:19,0.1,1800,172150
20240104,10:00:20,0.1,1800,172150
20240104,10:00:21,0.1,600,172150
20240104,10:00:22,0.1,300,172150
20240104,10:00:27,0.1,50,172150
20240104,10:00:29,0.1,3650,172150
20240104,10:00:32,0.1,50,172150
20240104,10:00:33,0.05,1800,172150
20240104,10:01:33,0.05,3600,172150
20240104,10:01:34,0.05,7200,172150
20240104,10:01:35,0.05,3600,172150
20240104,10:01:43,0.05,3600,172150
20240104,10:01:46,0.05,3600,172150
20240104,10:01:47,0.05,3600,172150
20240104,10:02:30,0.05,3600,172150
20240104,10:02:31,0.05,3600,150850
20240104,10:02:39,0.05,1800,150850
20240104,10:02:40,0.05,1800,150850
20240104,10:02:43,0.05,1800,150850
20240104,10:02:44,0.05,1800,150850
20240104,10:02:51,0.05,1800,150850
20240104,10:02:51,0.1,7200,150850
20240104,10:02:52,0.1,18000,150850
20240104,10:02:53,0.1,15400,150850
20240104,10:03:12,0.05,3600,150850
20240104,10:03:33,0.05,3600,150850
20240104,10:03:37,0.05,1800,150850
20240104,10:03:39,0.05,1800,150850
20240104,10:03:42,0.05,1800,150850
20240104,10:03:43,0.05,3600,150850
20240104,10:03:44,0.05,3600,150850
20240104,10:03:47,0.05,1800,150850
20240104,10:03:50,0.05,1800,150850
20240104,10:03:51,0.05,1800,150850
20240104,10:03:53,0.05,1800,150850
20240104,10:04:00,0.05,3600,150850
20240104,10:04:24,0.05,3600,150850
20240104,10:04:25,0.05,3600,150850
20240104,10:04:26,0.1,1800,150850
20240104,10:04:27,0.1,1800,150850
20240104,10:06:38,0.05,250,123850
20240104,10:09:10,0.1,1800,123850
20240104,10:11:25,0.1,1800,123850
20240104,10:19:44,0.1,250,123850
20240104,10:19:48,0.1,350,123850
20240104,10:19:50,0.1,1500,123850
20240104,10:19:56,0.1,100,123850
20240104,10:20:02,0.1,350,123850
20240104,10:20:03,0.05,150,123850
20240104,10:20:10,0.1,300,123850
20240104,10:21:06,0.1,50,123850
20240104,10:21:16,0.05,50,122600
20240104,10:23:38,0.1,250,122600
20240104,10:23:44,0.05,1500,122600
20240104,10:24:51,0.05,1000,122600
20240104,10:28:36,0.1,100,122600
20240104,10:30:02,0.1,450,122600
20240104,10:30:05,0.1,250,122500
20240104,10:30:14,0.1,250,122500
20240104,10:33:51,0.1,50,122500
20240104,10:33:52,0.1,50,121550
20240104,10:33:54,0.1,50,121550
20240104,10:38:35,0.1,250,121550
20240104,10:38:44,0.1,300,121550
20240104,10:38:45,0.1,250,121550
20240104,10:38:52,0.1,250,121550
20240104,10:42:50,0.1,300,120500
20240104,10:54:56,0.05,500,120500
20240104,10:57:49,0.05,150,120400
20240104,11:00:21,0.1,500,120400
20240104,11:04:19,0.1,50,120400
20240104,11:05:49,0.05,1900,120400
20240104,11:12:18,0.1,50,120400
20240104,11:14:45,0.05,3850,120400
20240104,11:19:55,0.1,350,120400
20240104,11:22:45,0.05,1800,120400
20240104,11:25:24,0.1,300,120400
20240104,11:32:12,0.05,100,120400
20240104,11:33:01,0.05,100,120300
20240104,11:34:25,0.1,50,120300
20240104,11:34:28,0.1,50,120300
20240104,11:34:40,0.1,50,120300
20240104,11:34:41,0.1,50,120300
20240104,11:34:43,0.1,50,120300
20240104,11:34:44,0.1,50,120300
20240104,11:34:45,0.1,50,120300
20240104,11:34:46,0.1,50,120300
20240104,11:34:47,0.1,100,120300
20240104,11:34:48,0.1,50,120300
20240104,11:34:49,0.1,100,120300
20240104,11:34:50,0.1,100,120300
20240104,11:34:51,0.1,50,120300
20240104,11:34:52,0.1,50,120300
20240104,11:34:53,0.1,100,120300
20240104,11:34:54,0.1,100,120300
20240104,11:34:55,0.1,100,120300
20240104,11:34:56,0.1,50,120300
20240104,11:34:57,0.1,100,120300
20240104,11:34:58,0.1,100,120300
20240104,11:34:59,0.1,100,120300
20240104,11:35:00,0.1,100,120300
20240104,11:35:01,0.1,50,120300
20240104,11:35:02,0.1,100,120300
20240104,11:35:03,0.1,50,120300
20240104,11:35:04,0.1,50,120300
20240104,11:35:05,0.1,50,120300
20240104,11:35:06,0.1,50,120300
20240104,11:35:07,0.1,100,120300
20240104,11:35:08,0.1,50,120300
20240104,11:35:09,0.1,50,120300
20240104,11:35:10,0.1,50,120300
20240104,11:35:11,0.1,50,120300
20240104,11:35:13,0.1,100,120300
20240104,11:35:13,0.1,50,120300
20240104,11:35:15,0.1,50,120300
20240104,11:35:16,0.1,50,120300
20240104,11:35:18,0.1,50,120300
20240104,11:35:19,0.1,50,120300
20240104,11:35:20,0.1,50,120300
20240104,11:35:21,0.1,50,120300
20240104,11:35:22,0.1,50,120300
20240104,11:35:24,0.1,50,120300
20240104,11:35:25,0.1,50,120300
20240104,11:35:26,0.1,100,120300
20240104,11:35:27,0.1,50,120300
20240104,11:35:29,0.1,50,120300
20240104,11:35:30,0.1,50,120300
20240104,11:35:32,0.1,50,120300
20240104,11:35:37,0.1,50,120300
20240104,11:35:40,0.1,50,120200
20240104,11:35:42,0.1,50,120200
20240104,11:35:45,0.1,50,120200
20240104,11:35:47,0.1,50,120200
20240104,11:35:48,0.1,50,120200
20240104,11:35:50,0.1,100,120200
20240104,11:35:50,0.1,50,120200
20240104,11:35:51,0.1,100,120200
20240104,11:35:52,0.1,150,120200
20240104,11:35:53,0.1,100,120200
20240104,11:35:54,0.1,100,120200
20240104,11:35:56,0.1,100,120200
20240104,11:35:56,0.1,50,120200
20240104,11:36:03,0.1,50,120200
20240104,11:36:05,0.1,50,120200
20240104,11:36:06,0.1,50,120200
20240104,11:36:07,0.1,100,120200
20240104,11:36:08,0.1,100,120200
20240104,11:36:10,0.1,100,120200
20240104,11:36:11,0.1,50,120200
20240104,11:36:13,0.1,50,120200
20240104,11:36:14,0.1,50,120200
20240104,11:36:16,0.1,50,120200
20240104,11:36:19,0.1,50,120200
20240104,11:36:20,0.1,50,120200
20240104,11:36:21,0.1,100,120200
20240104,11:36:22,0.1,100,120200
20240104,11:36:24,0.1,50,120200
20240104,11:36:26,0.1,50,120200
20240104,11:36:27,0.1,50,120200
20240104,11:36:28,0.1,50,120200
20240104,11:36:31,0.1,50,120200
20240104,11:36:33,0.1,50,120200
20240104,11:39:46,0.05,1350,120200
20240104,11:39:47,0.05,1450,120200
20240104,11:42:08,0.05,850,120200
20240104,11:42:09,0.05,1200,120200
20240104,11:47:29,0.1,400,120400
20240104,11:48:18,0.1,50,120400
20240104,11:49:59,0.1,250,120400
20240104,11:50:09,0.1,250,120400
20240104,11:50:19,0.1,250,120400
20240104,11:50:47,0.05,50,120400
20240104,11:51:35,0.1,250,120400
20240104,11:53:30,0.1,250,120400
20240104,12:17:00,0.05,250,120400
20240104,12:18:55,0.05,350,120400
20240104,12:20:39,0.05,400,120400
20240104,12:21:09,0.05,1800,120400
20240104,12:21:13,0.05,1800,120400
20240104,12:21:16,0.05,1800,120400
20240104,12:21:19,0.05,1800,120400
20240104,12:22:31,0.05,1800,120400
20240104,12:22:38,0.05,3950,120400
20240104,12:22:39,0.05,23300,120400
20240104,12:22:51,0.05,50,120400
