date,time,tick_price,volume,open_interest
20240115,12:14:20,501.05,50,50
20240115,12:20:58,414.45,450,50
20240115,12:21:07,414.2,300,500
20240115,12:21:15,414.1,550,500
20240115,12:21:23,414.1,50,500
20240115,12:22:12,414.2,50,500
20240115,12:22:20,414.65,50,500
20240115,12:22:36,414.0,50,500
20240115,14:39:16,414.0,50,1550
20240115,14:41:46,401.85,250,1600
20240115,14:43:13,401.85,100,1850
20240115,14:45:04,403.15,300,1850
20240115,14:49:54,362.8,50,2250
20240116,10:21:39,410.0,1,2200
20240116,10:21:39,410.0,50,2200
20240123,14:00:25,950.2,50,2200
20240123,15:07:25,1030.9,50,2250
20240123,15:10:10,1020.55,400,2200
20240123,15:29:59,1021.7,1,1800
20240202,09:24:25,420.0,1,1800
20240202,09:24:25,420.0,1000,1800
20240202,09:26:34,418.0,50,2750
20240202,09:26:45,418.0,50,2750
20240202,09:30:45,423.0,2000,2800
20240202,09:31:37,409.65,50,2800
20240202,09:37:35,408.5,150,3900
20240202,09:37:43,408.5,500,3900
20240202,09:41:28,407.3,200,4400
20240202,09:43:11,400.0,50,4400
20240202,09:44:46,400.0,50,4600
20240202,09:44:58,400.0,100,4600
20240202,09:45:58,400.0,100,4600
20240202,09:49:14,408.3,50,4850
20240202,09:49:52,400.35,50,4850
20240202,09:57:01,396.0,50,4900
20240202,09:57:24,395.0,200,4900
20240202,09:58:57,395.0,400,4900
20240202,09:58:58,400.5,100,4900
20240202,09:59:00,398.35,50,4900
20240202,09:59:20,400.5,50,5650
20240202,09:59:28,398.8,100,5650
20240202,10:01:30,390.0,50,5650
20240202,10:01:31,389.0,50,5650
20240202,10:02:56,387.05,50,5900
20240202,10:03:11,385.85,300,5900
20240202,10:03:16,385.85,50,5900
20240202,10:03:19,386.95,50,5900
20240202,10:03:50,386.75,350,5900
20240202,10:04:38,387.4,250,5900
20240202,10:05:41,381.45,100,6950
20240202,10:05:57,381.45,100,6950
20240202,10:06:00,382.05,400,6950
20240202,10:09:00,385.0,350,7450
20240202,10:11:53,381.25,400,7800
20240202,10:14:20,381.25,100,7800
20240202,10:14:33,386.55,300,8300
20240202,10:14:52,384.95,50,8300
20240202,10:22:43,394.0,100,8650
20240202,10:25:02,385.95,50,8750
20240202,10:25:05,386.45,50,8750
20240202,10:25:09,387.4,100,8750
20240202,10:25:10,387.3,150,8750
20240202,10:25:20,386.55,100,8750
20240202,10:37:13,391.15,250,9200
20240202,10:37:26,389.65,400,9200
20240202,10:48:05,395.4,50,9850
20240202,10:50:38,395.4,100,9900
20240202,10:52:50,394.5,50,9900
20240202,10:57:58,381.9,100,9800
20240202,11:05:20,370.4,500,9900
20240202,11:08:49,376.35,50,10400
20240202,11:09:15,375.8,50,10400
20240202,11:10:27,373.0,50,10400
20240202,11:10:29,373.0,50,10400
20240202,11:13:36,370.0,50,10400
20240202,11:14:04,359.0,50,10550
20240202,11:15:14,354.15,50,10650
20240202,11:15:30,352.3,50,10650
20240202,11:15:40,350.0,50,10650
20240202,11:15:58,347.85,250,10650
20240202,11:16:15,345.4,50,10650
20240202,11:16:26,340.0,50,10650
20240202,11:16:28,340.0,100,10650
20240202,11:17:05,339.6,350,10650
20240202,11:17:06,339.6,350,10650
20240202,11:17:08,340.2,650,10650
20240202,11:17:23,342.0,350,10650
20240202,11:17:25,341.7,350,10650
20240202,11:17:30,338.5,700,12950
20240202,11:17:31,337.85,1200,12950
20240202,11:17:35,339.0,350,12950
20240202,11:17:40,338.3,700,12950
20240202,11:19:08,338.3,500,12950
20240202,11:19:54,336.2,50,12950
20240202,11:20:02,336.2,100,12950
20240202,11:20:07,336.9,50,12950
20240202,11:20:20,335.9,50,12950
20240202,11:20:24,332.55,150,12950
20240202,11:22:24,332.0,100,15550
20240202,11:22:35,331.1,50,15550
20240202,11:23:15,331.1,100,15550
20240202,11:23:20,333.9,100,15550
20240202,11:24:48,335.1,50,15700
20240202,11:25:11,332.1,50,15700
20240202,11:25:23,330.0,1150,15700
20240202,11:25:26,330.3,100,15700
20240202,11:25:54,333.65,50,15700
20240202,11:26:10,335.55,50,15700
20240202,11:27:26,338.0,50,16900
20240202,11:28:43,334.55,50,16900
20240202,11:30:01,333.1,450,16950
20240202,11:31:01,329.85,50,16950
20240202,11:31:36,329.75,100,16950
20240202,11:32:02,328.55,50,16950
20240202,11:32:04,328.35,2000,16950
20240202,11:32:34,328.35,100,16950
20240202,11:33:10,330.2,50,15500
20240202,11:33:23,331.8,300,15500
20240202,11:33:24,332.8,300,15500
20240202,11:33:33,333.4,50,15500
20240202,11:33:39,333.0,1000,15500
20240202,11:35:55,330.15,100,16300
20240202,11:36:10,327.65,100,16300
20240202,11:37:13,327.05,200,16300
20240202,11:39:28,320.0,100,16400
20240202,11:39:38,320.0,550,16400
20240202,11:40:18,317.0,50,16400
20240202,11:40:19,317.0,50,16400
20240202,11:40:24,316.8,100,16400
20240202,11:41:08,316.8,50,16400
20240202,11:41:16,319.3,150,16400
20240202,11:41:54,317.25,50,16450
20240202,11:42:05,317.5,50,16450
20240202,11:42:27,317.4,50,16450
20240202,11:42:33,316.55,100,16450
20240202,11:42:50,316.55,50,16450
20240202,11:42:52,318.55,100,16450
20240202,11:43:11,320.45,450,16450
20240202,11:43:16,321.55,350,16450
20240202,11:43:23,321.95,650,16450
20240202,11:43:46,323.4,50,16450
20240202,11:44:11,323.65,50,16450
20240202,11:44:18,322.25,100,16450
20240202,11:44:21,324.7,50,16450
20240202,11:44:30,326.15,100,16450
20240202,11:44:36,326.55,50,18050
20240202,11:44:49,327.55,50,18050
20240202,11:45:33,328.6,100,18050
20240202,11:45:52,328.6,50,18050
20240202,11:46:31,329.85,50,18050
20240202,11:46:36,329.45,300,18050
20240202,11:47:08,325.05,200,18050
20240202,11:47:10,324.15,150,18050
20240202,11:47:25,326.3,200,18050
20240202,11:47:39,325.0,100,18750
20240202,11:47:52,324.25,100,18750
20240202,11:47:56,323.45,100,18750
20240202,11:48:12,325.75,100,18750
20240202,11:48:21,326.15,200,18750
20240202,11:48:37,325.25,50,18750
20240202,11:50:15,332.0,600,18750
20240202,11:50:27,329.55,250,18750
20240202,11:50:44,329.0,450,19300
20240202,11:50:50,328.15,50,19300
20240202,11:50:55,327.4,50,19300
20240202,11:51:00,328.5,350,19300
20240202,11:51:03,329.3,50,19300
20240202,11:51:12,332.45,250,19300
20240202,11:51:25,332.1,100,19300
20240202,11:53:00,331.1,350,19300
20240202,11:53:59,335.0,150,18550
20240202,11:55:30,330.7,50,18550
20240202,11:55:48,328.35,50,18550
20240202,11:55:58,330.2,950,18550
20240202,11:56:00,328.1,500,18550
20240202,11:56:46,324.3,500,18850
20240202,11:57:49,320.0,50,18850
20240202,11:57:57,319.2,50,18850
20240202,11:58:43,319.45,100,18850
20240202,11:59:10,319.45,500,18850
20240202,11:59:16,319.2,500,18850
20240202,11:59:38,319.55,50,20350
20240202,12:00:04,313.55,50,20350
20240202,12:01:17,311.95,50,20350
20240202,12:01:22,311.05,50,20350
20240202,12:02:22,311.05,50,20350
20240202,12:05:23,317.55,100,20400
20240202,12:06:02,317.95,50,20350
20240202,12:06:37,321.4,500,20350
20240202,12:10:02,327.8,50,19850
20240202,12:10:14,327.3,50,19850
20240202,12:10:27,328.7,50,19850
20240202,12:11:31,326.8,500,19850
20240202,12:14:49,330.0,50,19400
20240202,12:15:09,335.15,50,19400
20240202,12:15:10,334.35,50,19400
20240202,12:15:35,332.0,50,19400
20240202,12:17:54,335.25,100,19550
20240202,12:20:17,332.7,50,19550
20240202,12:20:52,331.75,100,19600
20240202,12:21:38,336.0,50,19600
20240202,12:23:02,337.7,850,19600
20240202,12:23:38,337.0,100,19600
20240202,12:24:28,340.0,900,18800
20240202,12:24:29,340.0,100,18800
20240202,12:24:44,343.45,250,18800
20240202,12:24:48,343.45,300,18800
20240202,12:24:54,344.4,100,18800
20240202,12:25:01,348.0,50,18800
20240202,12:25:03,350.0,250,18800
20240202,12:25:04,351.1,200,18800
20240202,12:25:11,344.75,50,18800
20240202,12:25:17,344.4,250,18800
20240202,12:25:32,346.6,550,18800
20240202,12:25:42,346.4,300,18800
20240202,12:26:06,346.4,700,18800
20240202,12:27:10,350.0,50,16100
20240202,12:27:13,352.0,50,16100
20240202,12:27:22,354.0,250,16100
20240202,12:27:30,360.0,50,16100
20240202,12:27:32,359.55,200,16100
20240202,12:27:43,353.8,50,16100
20240202,12:27:55,352.25,150,16100
20240202,12:28:24,362.2,50,16100
20240202,12:29:07,373.35,50,16100
20240202,12:29:14,380.0,50,16100
20240202,12:29:24,384.95,50,16100
20240202,12:29:32,383.95,100,16100
20240202,12:29:39,381.95,100,16100
20240202,12:29:50,379.1,600,15450
20240202,12:30:12,394.0,50,15450
20240202,12:30:14,392.85,50,15450
20240202,12:30:24,401.0,50,15450
20240202,12:30:27,401.85,50,15450
20240202,12:30:36,410.3,100,15450
20240202,12:30:39,412.2,100,15450
20240202,12:30:44,411.4,200,15450
20240202,12:30:47,405.4,50,15450
20240202,12:30:51,403.25,200,15450
20240202,12:31:01,402.85,150,15450
20240202,12:31:05,403.8,100,15450
20240202,12:31:07,407.95,100,15450
20240202,12:31:14,413.0,150,15450
20240202,12:31:25,414.2,700,15450
20240202,12:31:32,417.0,150,15450
20240202,12:31:42,428.85,700,15450
20240202,12:31:45,428.85,50,15450
20240202,12:31:47,428.15,50,15450
20240202,12:31:50,431.5,150,15450
20240202,12:31:52,431.5,50,15450
20240202,12:31:57,430.85,100,15450
20240202,12:32:00,431.35,100,15450
20240202,12:32:02,431.55,150,15450
20240202,12:32:05,431.95,100,15450
20240202,12:32:07,433.4,50,15450
20240202,12:32:10,433.4,250,15450
20240202,12:32:14,419.0,150,15450
20240202,12:32:19,419.1,50,15450
20240202,12:32:28,412.05,100,15450
20240202,12:32:30,414.3,350,15450
20240202,12:32:32,412.85,200,15450
20240202,12:32:33,414.7,350,15450
20240202,12:32:35,412.35,200,15450
20240202,12:32:37,416.1,150,15450
20240202,12:32:38,417.3,100,15450
20240202,12:32:52,424.55,200,13350
20240202,12:33:00,420.9,200,13350
20240202,12:33:06,428.4,150,13350
20240202,12:33:13,429.35,200,13350
20240202,12:33:15,431.95,100,13350
20240202,12:33:16,429.35,100,13350
20240202,12:33:21,427.55,100,13350
20240202,12:33:23,428.95,200,13350
20240202,12:33:26,426.0,100,13350
20240202,12:33:30,422.75,100,13350
20240202,12:33:38,422.95,100,13350
20240202,12:33:43,423.9,300,13350
20240202,12:33:50,418.1,50,13350
20240202,12:33:53,415.0,100,13350
20240202,12:33:56,415.25,50,13350
20240202,12:33:58,414.95,200,13350
20240202,12:34:00,410.4,200,13350
20240202,12:34:03,410.7,100,13350
20240202,12:34:06,411.35,100,13350
20240202,12:34:15,404.65,100,13350
20240202,12:34:16,404.55,150,13350
20240202,12:34:20,405.2,50,13350
20240202,12:34:30,398.15,250,13350
20240202,12:34:36,403.2,50,13350
20240202,12:34:40,402.1,200,13350
20240202,12:34:45,396.0,150,13350
20240202,12:34:48,396.95,450,13350
20240202,12:34:50,398.45,100,13350
20240202,12:35:00,403.6,200,13350
20240202,12:35:01,405.25,50,13350
20240202,12:35:03,406.4,50,13350
20240202,12:35:08,409.8,350,13350
20240202,12:35:14,416.95,100,13350
20240202,12:35:19,424.2,50,13350
20240202,12:35:21,426.2,100,13350
20240202,12:35:23,430.25,50,13350
20240202,12:35:26,428.1,100,13350
20240202,12:35:31,431.25,150,13350
20240202,12:35:36,428.9,50,13350
20240202,12:35:37,431.75,350,13350
20240202,12:35:39,436.45,450,13350
20240202,12:35:41,436.45,150,11200
20240202,12:35:42,437.35,150,11200
20240202,12:35:44,437.35,100,11200
20240202,12:35:49,443.35,300,11200
20240202,12:35:51,443.35,200,11200
20240202,12:35:52,443.15,100,11200
20240202,12:35:54,443.7,150,11200
20240202,12:36:02,454.1,250,11200
20240202,12:36:04,455.8,200,11200
20240202,12:36:06,454.15,50,11200
20240202,12:36:07,453.9,200,11200
20240202,12:36:09,455.9,50,11200
20240202,12:36:11,458.7,150,11200
20240202,12:36:12,458.7,150,11200
20240202,12:36:14,459.2,350,11200
20240202,12:36:16,458.25,250,11200
20240202,12:36:19,461.65,50,11200
20240202,12:36:22,462.65,50,11200
20240202,12:36:29,462.85,100,11200
20240202,12:36:34,462.85,100,11200
20240202,12:36:39,457.6,350,11200
20240202,12:36:41,454.35,50,11200
20240202,12:36:49,451.55,250,11200
20240202,12:36:51,449.9,150,11200
20240202,12:36:52,447.1,50,11200
20240202,12:36:54,446.85,50,11200
20240202,12:36:56,444.95,250,11200
20240202,12:36:57,444.85,50,11200
20240202,12:37:02,444.95,50,11200
20240202,12:37:06,444.15,50,11200
20240202,12:37:14,448.05,50,11200
20240202,12:37:24,447.05,100,11200
20240202,12:37:27,446.45,50,11200
20240202,12:37:31,441.05,100,11200
20240202,12:37:34,440.55,50,11200
20240202,12:37:39,442.5,100,11200
20240202,12:37:47,438.65,100,11200
20240202,12:38:04,434.7,100,11200
20240202,12:38:21,431.1,250,11200
20240202,12:38:22,429.55,500,11200
20240202,12:38:29,433.2,100,11200
20240202,12:39:01,431.6,250,9750
20240202,12:39:19,435.0,50,9750
20240202,12:39:21,437.5,100,9750
20240202,12:39:54,425.95,100,9750
20240202,12:40:03,417.55,100,9750
20240202,12:40:14,411.75,100,9750
20240202,12:40:16,410.0,300,9750
20240202,12:40:19,408.55,250,9750
20240202,12:40:23,413.5,100,9750
20240202,12:40:48,402.95,100,9750
20240202,12:40:56,406.85,100,9750
20240202,12:40:59,407.1,50,9750
20240202,12:41:01,410.65,200,9750
20240202,12:41:03,409.95,300,9750
20240202,12:41:29,415.55,150,9750
20240202,12:41:43,415.3,150,9450
20240202,12:42:21,428.3,100,9450
20240202,12:42:24,427.0,50,9450
20240202,12:42:32,417.6,50,9450
20240202,12:42:39,418.35,100,9450
20240202,12:43:04,419.1,100,9450
20240202,12:43:23,416.2,50,9450
20240202,12:44:57,405.75,150,9650
20240202,12:45:08,407.3,50,9650
20240202,12:45:25,416.2,50,9650
20240202,12:45:29,412.1,50,9650
20240202,12:45:55,413.1,50,9650
20240202,12:47:07,424.65,150,9650
20240202,12:47:08,426.55,200,9650
20240202,12:47:10,429.25,100,9650
20240202,12:47:40,425.7,150,9650
20240202,12:48:30,436.65,50,9450
20240202,12:48:47,435.0,1500,9450
20240202,12:48:50,437.85,100,9450
20240202,12:48:57,435.0,50,9450
20240202,12:49:00,432.95,50,9450
20240202,12:49:24,441.95,50,9450
20240202,12:49:40,437.05,50,9450
20240202,12:49:44,441.85,100,9450
20240202,12:50:20,444.65,100,9450
20240202,12:50:42,450.0,750,8850
20240202,12:50:44,450.35,50,8850
20240202,12:51:04,441.05,50,8850
20240202,12:51:14,440.95,50,8850
20240202,12:51:15,439.05,50,8850
20240202,12:51:25,432.55,50,8850
20240202,12:51:29,431.9,50,8850
20240202,12:52:06,427.85,200,8850
20240202,12:52:31,433.1,50,8850
20240202,12:56:34,415.1,50,8600
20240202,12:56:47,420.0,50,8650
20240202,13:00:09,436.8,50,8600
20240202,13:00:22,440.1,50,8600
20240202,13:02:38,420.0,50,8600
20240202,13:03:22,420.7,50,8600
20240202,13:06:10,430.75,150,8600
20240202,13:07:22,421.75,50,8600
20240202,13:08:38,425.0,100,8600
20240202,13:09:51,438.05,50,8550
20240202,13:14:07,450.55,50,8500
20240202,13:14:15,454.0,1000,8500
20240202,13:14:29,455.0,50,8500
20240202,13:14:57,459.75,50,7950
20240202,13:16:19,468.4,50,7950
20240202,13:20:00,468.4,400,7950
20240202,13:21:43,468.35,50,7850
20240202,13:21:48,468.4,50,7850
20240202,13:23:18,466.4,50,7850
20240202,13:25:54,493.95,200,7900
20240202,13:26:01,497.85,100,7900
20240202,13:26:04,497.85,200,7900
20240202,13:27:46,484.95,50,8100
20240202,13:31:14,471.15,50,8050
20240202,13:31:17,473.05,50,8050
20240202,13:32:36,484.95,100,8050
20240202,13:34:43,472.25,50,8050
20240202,13:36:08,466.95,100,8100
20240202,13:37:42,460.0,200,8100
20240202,13:47:18,453.15,150,8200
20240202,13:49:53,463.8,100,8350
20240202,13:55:31,443.3,100,8400
20240202,14:00:35,449.0,50,8400
20240202,14:05:42,428.7,50,8350
20240202,14:08:31,431.05,100,8350
20240202,14:09:22,420.0,200,8400
20240202,14:10:03,420.15,200,8400
20240202,14:10:05,420.35,200,8400
20240202,14:15:48,428.75,50,8250
20240202,14:17:09,418.65,100,8250
20240202,14:18:47,426.55,50,8300
20240202,14:19:33,436.0,50,8300
20240202,14:20:54,433.3,50,8300
20240202,14:21:54,427.75,50,8350
20240202,14:23:10,431.15,50,8350
20240202,14:23:18,427.6,50,8350
20240202,14:23:30,431.05,50,8350
20240202,14:24:24,431.05,50,8450
20240202,14:24:29,431.45,50,8450
20240202,14:25:51,420.0,300,8450
20240202,14:28:04,432.0,100,8850
20240202,14:28:32,438.4,100,8850
20240202,14:30:57,433.85,50,9050
20240202,14:31:13,432.25,200,9050
20240202,14:31:17,433.85,300,9050
20240202,14:36:48,427.75,50,9000
20240202,14:38:28,426.55,50,9000
20240202,14:40:55,431.0,100,9000
20240202,14:43:39,417.85,50,8900
20240202,14:44:05,412.05,50,8900
20240202,14:44:32,412.5,100,8900
20240202,14:46:58,417.9,50,8800
20240202,14:50:33,418.4,100,8850
20240202,14:51:08,430.05,50,8750
20240202,14:53:34,447.25,50,8750
20240202,14:53:54,450.0,50,8750
20240202,14:54:02,452.7,50,8700
20240202,14:57:01,471.65,50,8750
20240202,14:57:02,475.0,100,8750
20240202,14:57:09,477.4,50,8750
20240202,14:57:39,480.0,100,8750
20240202,14:58:08,483.6,50,8750
20240202,14:58:51,481.95,50,8750
20240202,14:59:47,478.75,50,8750
20240202,15:00:07,468.1,50,8800
20240202,15:00:56,466.5,50,8800
20240202,15:01:37,462.2,200,8800
20240202,15:02:44,475.2,50,8800
20240202,15:03:12,476.4,150,8550
20240202,15:04:31,478.8,100,8550
20240202,15:04:42,478.75,50,8550
20240202,15:04:47,478.95,50,8550
20240202,15:04:56,475.1,50,8550
20240202,15:05:27,476.4,150,8550
20240202,15:07:07,455.55,50,8550
20240202,15:07:20,458.85,50,8450
20240202,15:08:25,457.75,50,8450
20240202,15:09:05,460.75,200,8300
20240202,15:09:22,456.55,150,8300
20240202,15:09:33,455.35,50,8300
20240202,15:09:51,461.1,50,8300
20240202,15:10:27,462.0,100,8300
20240202,15:10:32,462.0,100,8300
20240202,15:10:47,462.05,50,8300
20240202,15:10:57,459.2,50,8300
20240202,15:11:12,453.15,50,8300
20240202,15:12:19,454.55,100,8300
20240202,15:13:20,467.35,50,8400
20240202,15:13:22,466.85,50,8400
20240202,15:13:29,469.2,150,8400
20240202,15:14:25,464.35,50,8400
20240202,15:16:56,471.5,100,8300
20240202,15:17:19,470.4,150,8300
20240202,15:18:30,474.0,150,8100
20240202,15:19:12,469.65,500,8100
20240202,15:19:47,473.95,50,8100
20240202,15:19:49,474.0,50,8100
20240202,15:20:01,475.25,100,8100
20240202,15:20:07,474.75,200,8100
20240202,15:20:09,476.55,200,8100
20240202,15:20:12,475.8,400,8100
20240202,15:20:17,474.55,200,8100
20240202,15:20:19,474.3,150,8100
20240202,15:23:34,470.1,50,8050
20240202,15:24:07,471.3,50,8050
20240202,15:24:48,475.0,50,8050
20240202,15:25:19,475.0,50,8050
20240202,15:25:21,475.0,100,8050
20240202,15:25:26,475.95,100,8050
20240202,15:25:27,475.95,50,8050
20240202,15:26:31,471.2,150,8050
20240202,15:26:34,470.25,150,8050
20240202,15:27:01,469.65,300,8050
20240202,15:27:37,463.55,450,8350
20240202,15:29:16,466.25,50,8350
20240205,09:15:04,479.4,1,8300
20240205,09:15:04,479.4,50,8300
20240205,09:15:25,490.85,100,8300
20240205,09:16:37,490.85,50,8350
20240205,09:16:45,486.45,100,8350
20240205,09:17:06,486.45,50,8350
20240205,09:17:09,484.65,50,8350
20240205,09:17:22,485.45,50,8350
20240205,09:17:24,485.95,150,8350
20240205,09:17:45,489.05,100,8350
20240205,09:17:55,495.05,100,8350
20240205,09:18:04,495.05,50,8350
20240205,09:19:16,503.95,200,8300
20240205,09:19:31,506.15,50,8300
20240205,09:19:39,509.9,150,8300
20240205,09:19:56,509.9,50,8300
20240205,09:20:08,495.05,50,8300
20240205,09:20:18,499.85,100,8300
20240205,09:20:33,494.1,100,8300
20240205,09:20:36,492.95,50,8300
20240205,09:20:38,491.65,100,8300
20240205,09:20:49,488.75,50,8300
20240205,09:20:51,490.05,50,8300
20240205,09:21:09,486.55,100,8300
20240205,09:22:12,499.95,100,8550
20240205,09:22:19,503.2,100,8550
20240205,09:22:22,498.05,50,8550
20240205,09:22:47,500.05,50,8550
20240205,09:22:49,498.8,100,8550
20240205,09:23:39,488.75,50,8550
20240205,09:23:46,488.95,100,8550
20240205,09:24:01,486.05,50,8550
20240205,09:24:08,484.95,100,8550
20240205,09:24:26,484.95,50,8550
20240205,09:25:04,471.25,350,8550
20240205,09:25:19,472.15,200,8550
20240205,09:25:53,468.05,50,9000
20240205,09:26:01,460.75,50,9000
20240205,09:26:03,460.75,200,9000
20240205,09:26:04,461.8,50,9000
20240205,09:27:19,453.2,100,9000
20240205,09:27:21,453.2,950,9000
20240205,09:28:31,463.35,50,9950
20240205,09:30:34,476.0,50,9950
20240205,09:30:44,476.0,950,9950
20240205,09:31:29,477.3,100,9050
20240205,09:32:02,465.8,50,9050
20240205,09:32:52,480.0,50,9050
20240205,09:33:46,477.05,100,9050
20240205,09:33:47,474.55,50,9050
20240205,09:44:44,471.15,100,9150
20240205,09:46:38,461.05,50,9200
20240205,09:48:21,451.75,100,9200
20240205,09:48:36,445.0,50,9200
20240205,09:52:34,425.05,100,9300
20240205,09:53:14,420.0,50,9300
20240205,09:53:55,420.0,100,9300
20240205,09:54:32,426.1,100,9300
20240205,09:55:40,429.9,200,9400
20240205,09:55:45,430.15,150,9400
20240205,09:55:53,431.95,50,9400
20240205,09:55:55,431.8,150,9400
20240205,09:55:56,433.8,250,9400
20240205,09:56:01,433.85,150,9400
20240205,09:57:16,433.85,50,9400
20240205,09:57:43,438.0,50,9400
20240205,10:01:09,438.0,50,9750
20240205,10:01:34,432.6,50,9700
20240205,10:03:30,438.0,50,9700
20240205,10:03:35,440.0,50,9700
20240205,10:04:15,445.3,100,9700
20240205,10:04:18,444.6,100,9650
20240205,10:09:33,433.6,400,9650
20240205,10:10:56,436.65,50,10050
20240205,10:11:23,440.2,1000,10050
20240205,10:13:16,441.85,50,10050
20240205,10:13:56,446.25,300,11050
20240205,10:15:09,446.95,50,11050
20240205,10:17:24,459.95,100,10850
20240205,10:18:15,479.1,150,10850
20240205,10:18:36,483.75,50,10850
20240205,10:19:30,505.0,100,10900
20240205,10:19:31,504.6,50,10900
20240205,10:19:41,505.2,50,10900
20240205,10:20:03,502.65,50,10900
20240205,10:20:15,512.35,50,10900
20240205,10:21:14,512.35,100,10900
20240205,10:22:57,500.0,50,10800
20240205,10:24:34,495.35,50,10800
20240205,10:25:02,490.1,150,10800
20240205,10:26:14,487.15,100,11000
20240205,10:26:39,490.0,50,11000
20240205,10:29:43,484.85,50,10850
20240205,10:30:05,482.8,50,10850
20240205,10:31:12,492.0,50,10850
20240205,10:31:42,496.3,100,10800
20240205,10:33:07,493.7,100,10800
20240205,10:34:12,491.95,50,10800
20240205,10:36:00,494.05,50,10900
20240205,10:36:13,495.95,50,10900
20240205,10:37:53,483.8,50,10900
20240205,10:38:01,482.95,50,10950
20240205,10:40:24,477.75,50,10900
20240205,10:42:13,475.65,300,10900
20240205,10:44:09,462.7,50,11200
20240205,10:44:26,461.3,50,11200
20240205,10:45:01,455.95,50,11200
20240205,10:45:03,455.95,50,11200
20240205,10:46:34,450.35,50,11300
20240205,10:46:56,447.5,300,11300
20240205,10:47:45,454.1,100,11300
20240205,10:48:03,456.9,50,11300
20240205,10:48:25,458.8,50,11300
20240205,10:48:26,457.65,50,11300
20240205,10:49:56,458.75,50,10900
20240205,10:50:26,456.9,50,10900
20240205,10:52:05,473.05,50,10900
20240205,10:52:45,470.3,50,10850
20240205,10:55:03,459.75,50,10850
20240205,10:56:57,454.0,50,10850
20240205,10:57:40,455.15,50,10850
20240205,10:58:41,455.0,50,10900
20240205,10:59:30,460.0,900,10900
20240205,11:00:08,458.9,100,10900
20240205,11:01:46,453.65,100,11700
20240205,11:02:06,452.55,100,11700
20240205,11:02:42,452.85,100,11700
20240205,11:03:11,450.0,50,11700
20240205,11:05:17,463.0,900,11850
20240205,11:05:42,463.25,50,11850
20240205,11:07:27,465.05,50,12000
20240205,11:07:35,465.0,900,12000
20240205,11:08:36,467.35,50,12000
20240205,11:09:21,470.7,200,12000
20240205,11:09:26,471.0,600,12000
20240205,11:09:28,471.0,300,12000
20240205,11:09:40,471.0,900,12000
20240205,11:09:59,467.3,600,12000
20240205,11:10:14,464.6,300,12000
20240205,11:12:56,450.8,100,15450
20240205,11:13:02,453.3,300,15450
20240205,11:13:07,453.65,300,15450
20240205,11:13:15,453.5,300,15450
20240205,11:13:29,451.0,50,14650
20240205,11:13:54,449.0,300,14650
20240205,11:14:16,450.95,900,14650
20240205,11:14:42,452.2,200,14650
20240205,11:14:52,448.7,100,14650
20240205,11:14:57,449.05,50,14650
20240205,11:15:18,447.65,50,14650
20240205,11:17:10,444.45,300,13600
20240205,11:19:01,447.35,50,13600
20240205,11:20:04,453.1,50,13900
20240205,11:20:32,450.0,800,13900
20240205,11:34:04,445.1,50,14700
20240205,11:34:14,442.1,50,14700
20240205,11:37:38,440.0,50,14700
20240205,11:38:37,434.65,50,14700
20240205,11:40:26,425.05,100,14700
20240205,11:40:37,427.5,50,14850
20240205,11:41:44,432.95,50,14850
20240205,11:44:02,437.35,50,14900
20240205,11:49:56,439.0,100,14950
20240205,11:50:17,439.3,200,14950
20240205,11:56:23,442.0,50,15150
20240205,11:57:15,435.0,50,15150
20240205,11:57:35,437.25,50,15150
20240205,11:57:45,438.15,100,15150
20240205,11:58:13,432.35,50,15150
20240205,12:02:08,434.35,50,15150
20240205,12:03:43,437.0,900,15150
20240205,12:06:41,448.05,100,14300
20240205,12:14:47,435.0,100,14400
20240205,12:15:02,434.65,50,14400
20240205,12:22:05,420.0,100,14350
20240205,12:22:38,423.5,50,14450
20240205,12:23:33,421.05,100,14450
20240205,12:24:43,421.8,50,14450
20240205,12:25:24,430.8,50,14450
20240205,12:28:56,440.0,50,14350
20240205,12:31:07,443.75,50,14350
20240205,12:31:20,447.2,50,14350
20240205,12:32:49,450.95,50,14350
20240205,12:34:38,454.0,50,14350
20240205,12:35:29,447.5,100,14350
20240205,12:41:15,440.1,50,14350
20240205,12:42:04,441.05,50,14400
20240205,12:43:04,437.65,50,14400
20240205,12:45:09,432.25,100,14350
20240205,12:46:25,433.55,50,14350
20240205,12:49:02,425.0,50,14300
20240205,12:59:14,424.45,50,14350
20240205,13:02:46,424.85,50,14300
20240205,13:03:45,428.0,50,14300
20240205,13:04:37,428.0,50,14300
20240205,13:06:16,421.2,50,14350
20240205,13:06:24,421.9,50,14350
20240205,13:06:25,420.0,50,14350
20240205,13:06:33,417.0,50,14350
20240205,13:06:50,415.0,50,14350
20240205,13:07:57,412.3,50,14500
20240205,13:07:58,412.3,450,14500
20240205,13:08:01,411.35,50,14500
20240205,13:09:20,407.95,50,14500
20240205,13:09:25,407.95,100,14500
20240205,13:09:27,408.25,100,14500
20240205,13:09:36,410.0,100,14500
20240205,13:20:01,413.65,300,14700
20240205,13:20:34,416.0,300,14700
20240205,13:21:21,414.0,300,14700
20240205,13:21:45,412.4,300,14700
20240205,13:23:09,413.5,600,13550
20240205,13:23:23,414.2,300,13550
20240205,13:23:36,415.55,100,13550
20240205,13:24:05,416.0,100,13550
20240205,13:29:27,437.9,50,12850
20240205,13:29:32,438.4,950,12850
20240205,13:29:38,436.9,100,12850
20240205,13:30:19,437.0,100,12850
20240205,13:30:44,433.0,100,12850
20240205,13:31:45,432.5,100,12850
20240205,13:34:13,422.8,200,13600
20240205,13:36:23,422.8,50,13550
20240205,13:49:18,424.8,50,13550
20240205,13:53:00,422.7,50,13500
20240205,13:54:20,416.35,50,13500
20240205,13:55:29,417.3,50,13500
20240205,13:56:14,418.3,900,13600
20240205,13:58:34,417.1,100,13600
20240205,13:58:58,417.95,100,12600
20240205,13:59:23,415.0,100,12600
20240205,14:00:22,418.0,100,12600
20240205,14:00:49,416.0,50,12600
20240205,14:01:12,419.0,50,12600
20240205,14:02:21,424.3,50,12600
20240205,14:04:32,427.0,50,12600
20240205,14:07:02,437.65,50,12500
20240205,14:07:08,440.0,50,12500
20240205,14:08:52,450.0,50,12400
20240205,14:09:11,450.0,100,12400
20240205,14:09:37,452.0,50,12400
20240205,14:09:49,453.0,300,12400
20240205,14:09:50,453.0,100,12400
20240205,14:09:55,455.45,50,12400
20240205,14:09:59,457.2,100,12400
20240205,14:10:00,454.1,50,12400
20240205,14:10:02,457.0,900,12400
20240205,14:10:04,453.95,50,12400
20240205,14:10:17,451.0,100,12400
20240205,14:10:54,467.85,900,13000
20240205,14:10:57,463.65,100,13000
20240205,14:11:00,463.6,100,13000
20240205,14:11:15,471.0,100,13000
20240205,14:11:20,470.0,50,13000
20240205,14:11:22,470.0,900,13000
20240205,14:11:34,471.45,50,13000
20240205,14:11:49,473.35,900,13000
20240205,14:12:00,470.6,150,13000
20240205,14:12:09,469.55,900,13000
20240205,14:12:27,462.05,50,13000
20240205,14:12:29,462.0,900,13000
20240205,14:12:40,469.0,100,13000
20240205,14:13:14,458.1,100,13000
20240205,14:13:37,458.2,50,13000
20240205,14:13:45,451.85,50,13000
20240205,14:14:32,439.15,100,16800
20240205,14:14:59,439.15,100,16800
20240205,14:16:16,439.85,50,16800
20240205,14:16:46,436.95,100,16800
20240205,14:24:43,455.7,50,16700
20240205,14:25:48,460.85,150,16700
20240205,14:29:54,459.0,50,16600
20240205,14:30:07,459.25,100,16600
20240205,14:30:15,459.0,900,16600
20240205,14:30:53,459.15,600,16600
20240205,14:31:49,470.0,50,16600
20240205,14:31:51,470.0,50,16600
20240205,14:32:09,475.0,900,17150
20240205,14:32:17,479.65,50,17150
20240205,14:33:04,484.9,150,17150
20240205,14:33:06,488.0,1100,17150
20240205,14:33:13,488.5,100,17150
20240205,14:33:23,488.55,50,17150
20240205,14:33:38,480.5,100,17150
20240205,14:33:46,483.1,100,17150
20240205,14:34:08,490.9,100,17150
20240205,14:34:18,494.3,100,17150
20240205,14:34:19,495.3,900,17150
20240205,14:34:28,494.05,50,17150
20240205,14:34:36,494.7,150,17150
20240205,14:34:56,500.0,150,17150
20240205,14:35:01,497.0,300,19700
20240205,14:35:06,497.0,600,19700
20240205,14:35:33,500.0,50,19700
20240205,14:35:39,509.0,50,19700
20240205,14:36:07,510.0,900,19700
20240205,14:36:17,507.9,100,19700
20240205,14:36:53,519.15,50,19700
20240205,14:36:58,520.3,150,19700
20240205,14:37:00,520.3,1000,19700
20240205,14:37:50,522.0,100,19700
20240205,14:37:52,522.0,800,19700
20240205,14:38:20,522.0,100,19700
20240205,14:38:22,519.3,50,20750
20240205,14:38:33,525.0,100,20750
20240205,14:38:35,525.0,50,20750
20240205,14:38:48,533.6,200,20750
20240205,14:39:06,540.0,100,20750
20240205,14:39:08,540.0,200,20750
20240205,14:39:49,540.0,50,20750
20240205,14:42:24,552.65,150,20650
20240205,14:42:39,564.3,50,20650
20240205,14:42:40,567.0,150,20650
20240205,14:42:50,567.0,50,20650
20240205,14:43:14,576.0,300,20650
20240205,14:43:44,582.8,150,20650
20240205,14:44:03,586.05,50,20900
20240205,14:44:17,587.0,950,20900
20240205,14:44:25,574.85,100,20900
20240205,14:44:38,559.4,100,20900
20240205,14:44:42,562.4,50,20900
20240205,14:44:52,562.4,150,20900
20240205,14:44:53,567.7,50,20900
20240205,14:45:12,591.45,50,20900
20240205,14:45:22,600.3,50,20900
20240205,14:46:05,608.1,1050,20900
20240205,14:46:09,604.4,50,20900
20240205,14:46:30,609.25,50,20900
20240205,14:46:33,609.25,200,20900
20240205,14:46:35,606.6,900,20900
20240205,14:46:48,607.2,700,20900
20240205,14:47:18,602.1,50,23250
20240205,14:47:22,596.5,150,23250
20240205,14:47:23,595.75,300,23250
20240205,14:47:32,593.0,300,23250
20240205,14:47:35,591.2,50,23250
20240205,14:47:37,589.1,50,23250
20240205,14:47:40,589.05,50,23250
20240205,14:47:57,581.6,450,23250
20240205,14:47:59,580.6,100,23250
20240205,14:48:04,573.35,100,23250
20240205,14:48:07,568.15,50,23250
20240205,14:48:54,586.9,50,23250
20240205,14:48:59,588.95,50,23250
20240205,14:49:25,585.75,100,23250
20240205,14:49:37,578.5,50,23250
20240205,14:50:15,565.9,50,24000
20240205,14:50:20,570.2,50,24000
20240205,14:50:30,578.5,50,24000
20240205,14:50:54,594.35,100,24000
20240205,14:51:14,595.05,100,24000
20240205,14:51:17,597.55,400,24000
20240205,14:51:20,595.4,50,24000
20240205,14:51:25,594.25,250,24000
20240205,14:51:45,598.45,50,24000
20240205,14:52:44,580.0,1000,24000
20240205,14:53:35,579.05,50,24900
20240205,14:53:52,581.65,50,24900
20240205,14:54:25,575.0,1000,24900
20240205,14:54:27,575.5,50,24900
20240205,14:54:40,577.6,250,24900
20240205,14:55:14,579.6,350,24900
20240205,14:55:30,590.0,200,24900
20240205,14:55:49,592.05,100,24900
20240205,14:55:54,593.65,50,24900
20240205,14:56:35,595.05,400,26250
20240205,14:56:38,602.0,100,26250
20240205,14:56:52,607.55,50,26250
20240205,14:57:14,601.4,50,26250
20240205,14:57:17,597.1,50,26250
20240205,14:57:20,600.15,50,26250
20240205,14:57:49,595.35,50,26250
20240205,14:58:22,606.95,100,26250
20240205,15:00:05,614.0,50,26200
20240205,15:00:08,614.3,100,26200
20240205,15:00:20,614.3,50,26200
20240205,15:00:30,596.45,50,26200
20240205,15:00:35,590.05,50,26200
20240205,15:01:00,609.95,50,26200
20240205,15:01:06,609.45,50,26200
20240205,15:01:08,608.15,300,26200
20240205,15:01:10,605.65,650,26200
20240205,15:01:25,599.55,50,26200
20240205,15:01:40,605.65,50,26200
20240205,15:02:32,608.2,200,26450
20240205,15:03:31,590.05,50,26450
20240205,15:03:57,585.4,50,26450
20240205,15:04:43,582.55,50,26450
20240205,15:05:48,570.05,50,26700
20240205,15:06:43,582.4,50,26700
20240205,15:06:45,579.65,50,26700
20240205,15:06:46,578.6,50,26700
20240205,15:06:51,577.05,900,26700
20240205,15:07:43,563.6,50,26700
20240205,15:09:28,545.15,50,25800
20240205,15:10:21,545.0,100,25800
20240205,15:11:22,570.1,100,25850
20240205,15:12:47,579.0,100,25850
20240205,15:13:47,584.25,50,25850
20240205,15:13:57,581.35,50,25850
20240205,15:17:40,579.65,50,25750
20240205,15:18:15,579.0,50,25750
20240205,15:20:30,592.2,50,25750
20240205,15:21:15,593.15,50,25750
20240205,15:21:46,587.55,50,25750
20240205,15:22:16,585.85,150,25750
20240205,15:23:55,582.4,100,25600
20240205,15:25:58,584.65,50,25600
20240205,15:27:25,586.1,250,25500
20240205,15:28:04,584.05,1000,25500
20240205,15:28:28,587.1,300,25500
20240205,15:28:30,588.0,300,25500
20240205,15:29:18,590.0,100,24000
20240205,15:29:41,590.1,50,24000
20240206,09:15:03,548.95,1,24050
20240206,09:15:03,548.95,200,24050
20240206,09:15:06,550.45,50,24050
20240206,09:15:45,550.45,50,24050
20240206,09:16:01,544.95,100,24050
20240206,09:16:08,539.85,50,24050
20240206,09:17:21,539.85,50,24050
20240206,09:18:38,575.05,50,24100
20240206,09:20:31,582.85,100,24150
20240206,09:21:13,585.0,300,24150
20240206,09:21:56,585.0,300,24150
20240206,09:22:16,586.35,100,24150
20240206,09:22:41,586.35,50,23900
20240206,09:23:41,555.0,50,23900
20240206,09:23:50,551.6,400,23900
20240206,09:25:52,547.0,50,24000
20240206,09:26:35,551.55,50,24000
20240206,09:26:59,547.0,50,24000
20240206,09:27:10,544.45,50,24000
20240206,09:28:07,542.3,50,24000
20240206,09:28:18,535.0,350,24000
20240206,09:29:00,546.0,100,24000
20240206,09:29:18,550.0,900,23600
20240206,09:29:25,546.75,100,23600
20240206,09:30:01,545.0,900,23600
20240206,09:30:14,546.0,50,23600
20240206,09:30:29,546.7,50,23600
20240206,09:30:33,545.55,50,23600
20240206,09:30:54,542.0,900,23600
20240206,09:31:29,536.15,50,22150
20240206,09:31:34,535.05,50,22150
20240206,09:31:36,536.0,900,22150
20240206,09:32:15,534.2,50,22150
20240206,09:32:33,527.45,50,22150
20240206,09:32:37,527.45,50,22150
20240206,09:32:40,530.75,50,22150
20240206,09:32:50,529.0,50,22150
20240206,09:32:53,527.4,50,22150
20240206,09:32:55,527.4,900,22150
20240206,09:33:05,527.0,350,22150
20240206,09:33:13,525.0,100,22150
20240206,09:33:18,519.7,50,22150
20240206,09:33:21,519.7,150,22150
20240206,09:33:23,521.35,1450,22150
20240206,09:33:56,531.6,900,22150
20240206,09:35:34,534.75,50,18450
20240206,09:39:22,515.0,50,18400
20240206,09:40:11,512.0,50,18400
20240206,09:40:12,512.0,850,18400
20240206,09:41:12,512.0,50,18150
20240206,09:41:17,522.7,900,18150
20240206,09:41:27,528.1,50,18150
20240206,09:41:35,527.1,50,18150
20240206,09:41:38,525.0,1000,18150
20240206,09:41:53,520.0,50,18150
20240206,09:42:11,518.0,200,18150
20240206,09:42:30,514.4,900,18150
20240206,09:43:01,524.0,50,18150
20240206,09:43:13,527.0,100,18150
20240206,09:43:18,526.4,50,18150
20240206,09:43:24,526.0,100,18150
20240206,09:45:16,516.0,50,15450
20240206,09:45:26,515.0,300,15450
20240206,09:46:13,512.1,300,15450
20240206,09:46:21,514.8,50,15450
20240206,09:47:20,524.0,50,15000
20240206,09:47:45,517.65,50,15000
20240206,09:47:50,515.5,50,15000
20240206,09:49:33,510.0,50,15000
20240206,09:50:38,505.5,100,14900
20240206,09:50:46,503.3,300,14900
20240206,09:51:35,499.05,300,14900
20240206,09:52:00,499.05,50,14900
20240206,09:52:39,510.0,300,14350
20240206,09:53:41,510.0,300,14350
20240206,09:53:59,510.8,300,14350
20240206,09:54:41,510.0,300,14350
20240206,09:55:01,509.9,300,14350
20240206,09:56:28,509.9,50,13700
20240206,09:56:43,510.0,300,13700
20240206,09:58:22,498.05,350,13700
20240206,10:00:11,498.4,200,13100
20240206,10:00:24,500.0,300,13100
20240206,10:02:36,500.3,50,12950
20240206,10:03:04,490.0,50,12950
20240206,10:04:25,490.0,250,12950
20240206,10:04:57,487.0,100,13000
20240206,10:08:05,487.0,200,13000
20240206,10:10:16,495.85,100,13000
20240206,10:11:45,490.0,50,12950
20240206,10:12:33,496.0,900,12950
20240206,10:13:28,490.0,200,12950
20240206,10:22:52,498.0,50,12950
20240206,10:25:40,516.95,200,12950
20240206,10:27:49,518.9,50,12950
20240206,10:30:09,527.85,150,12900
20240206,10:30:29,546.95,200,12900
20240206,10:30:32,550.05,100,12900
20240206,10:36:27,540.0,50,12650
20240206,10:39:46,525.75,50,12650
20240206,10:39:56,530.25,50,12650
20240206,10:49:50,523.35,50,12700
20240206,10:52:18,510.0,150,12700
20240206,10:53:47,510.0,50,12750
20240206,10:55:09,506.5,50,12750
20240206,10:57:55,507.65,50,12750
20240206,11:00:36,487.0,100,12750
20240206,11:05:36,507.65,50,12750
20240206,11:15:07,492.0,50,12750
20240206,11:19:11,494.9,50,12750
20240206,11:19:44,495.0,250,12750
20240206,11:30:22,502.55,100,12800
20240206,11:30:45,495.0,100,12800
20240206,11:30:51,496.95,50,12800
20240206,11:33:07,480.0,200,12800
20240206,11:34:00,469.65,150,12800
20240206,11:34:15,467.35,200,12800
20240206,11:34:29,458.9,200,12800
20240206,11:34:43,458.9,100,12800
20240206,11:35:10,456.1,100,13050
20240206,11:36:01,456.1,50,13050
20240206,11:36:15,462.6,50,13050
20240206,11:37:04,464.4,50,13050
20240206,11:37:16,463.4,100,13050
20240206,11:37:28,460.0,50,13050
20240206,11:37:51,463.45,50,13050
20240206,11:38:04,462.95,550,13100
20240206,11:38:27,460.7,100,13100
20240206,11:39:00,462.95,400,13100
20240206,11:39:45,457.75,50,13100
20240206,11:40:06,460.0,50,13100
20240206,11:42:23,463.0,50,14100
20240206,11:43:37,466.0,50,14100
20240206,11:44:23,466.6,50,14100
20240206,11:45:31,467.4,300,14100
20240206,11:46:04,467.35,50,14100
20240206,11:47:34,470.3,50,14400
20240206,11:49:37,472.35,50,14400
20240206,11:50:17,472.35,50,14400
20240206,11:50:44,468.65,50,14400
20240206,11:55:25,460.0,150,14400
20240206,11:58:00,460.0,400,14550
20240206,11:58:13,459.0,50,14550
20240206,12:00:24,450.55,250,15000
20240206,12:00:36,450.55,900,15000
20240206,12:00:57,455.0,50,15000
20240206,12:09:10,455.05,50,14350
20240206,12:10:39,455.45,50,14350
20240206,12:11:16,450.0,750,14350
20240206,12:12:46,445.0,200,14350
20240206,12:14:31,445.0,100,14350
20240206,12:16:34,450.5,100,14350
20240206,12:19:44,455.25,250,14350
20240206,12:23:36,452.35,50,14750
20240206,12:24:52,460.0,50,14750
20240206,12:25:31,469.4,50,14750
20240206,12:25:33,468.0,300,14750
20240206,12:26:10,461.3,50,14900
20240206,12:26:37,453.35,50,14900
20240206,12:27:16,465.0,50,14900
20240206,12:27:51,467.6,50,14900
20240206,12:28:29,467.0,50,14900
20240206,12:28:54,463.65,50,14900
20240206,12:30:22,461.85,100,15100
20240206,12:30:42,460.0,50,15100
20240206,12:30:55,456.25,50,15100
20240206,12:32:12,450.0,50,15100
20240206,12:32:19,451.15,50,15100
20240206,12:35:53,440.0,100,15100
20240206,12:36:41,440.0,50,15100
20240206,12:37:03,437.0,50,15100
20240206,12:37:10,436.35,100,15100
20240206,12:41:19,441.0,50,15300
20240206,12:42:17,441.0,50,15300
20240206,12:45:16,440.0,50,15350
20240206,12:46:32,436.5,50,15350
20240206,12:50:09,453.2,100,15350
20240206,12:50:36,451.65,200,15350
20240206,12:52:20,454.0,50,15350
20240206,12:53:41,461.0,100,15650
20240206,12:54:22,456.6,100,15650
20240206,12:58:23,465.35,50,15550
20240206,13:00:00,461.1,50,15600
20240206,13:01:29,452.55,50,15600
20240206,13:03:30,455.0,50,15600
20240206,13:05:37,451.4,50,15600
20240206,13:08:07,440.0,50,15650
20240206,13:10:44,445.9,50,15650
20240206,13:20:59,448.3,50,15700
20240206,13:21:04,444.05,50,15700
20240206,13:21:23,443.25,50,15700
20240206,13:21:41,441.45,100,15700
20240206,13:23:38,444.1,550,15750
20240206,13:26:22,438.35,50,16300
20240206,13:30:17,430.0,50,16300
20240206,13:30:25,424.8,50,16350
20240206,13:30:42,423.0,200,16350
20240206,13:31:25,423.0,50,16350
20240206,13:33:05,423.0,50,16300
20240206,13:33:39,428.0,300,16300
20240206,13:34:12,428.45,100,16300
20240206,13:36:58,450.0,50,16350
20240206,13:37:21,453.0,50,16350
20240206,13:38:55,449.45,50,16350
20240206,13:39:04,448.2,50,16350
20240206,13:39:33,448.2,50,16350
20240206,13:40:36,445.9,100,16350
20240206,13:41:23,441.35,50,16500
20240206,13:44:49,430.0,50,16450
20240206,13:47:12,438.15,50,16450
20240206,13:47:37,437.15,150,16500
20240206,13:49:06,440.0,50,16500
20240206,13:49:31,436.0,150,16500
20240206,13:49:54,436.45,100,16500
20240206,13:51:47,430.3,50,16600
20240206,13:52:15,425.15,50,16600
20240206,13:52:54,425.15,50,16600
20240206,13:54:55,426.0,250,16600
20240206,13:59:19,433.0,50,16450
20240206,13:59:53,430.7,200,16450
20240206,14:00:57,435.0,50,16450
20240206,14:02:27,425.0,50,16450
20240206,14:04:33,423.0,50,16450
20240206,14:04:43,421.85,100,16450
20240206,14:05:40,417.6,500,16500
20240206,14:05:59,417.6,50,16500
20240206,14:07:19,429.0,100,16500
20240206,14:09:27,428.75,50,16600
20240206,14:09:50,428.75,50,16600
20240206,14:11:37,435.0,50,16650
20240206,14:12:13,435.0,50,16650
20240206,14:13:01,440.0,50,16650
20240206,14:13:21,442.8,100,16650
20240206,14:14:18,438.05,50,16750
20240206,14:20:54,437.9,50,16750
20240206,14:27:37,437.5,500,16800
20240206,14:30:14,441.35,100,17300
20240206,14:33:05,430.0,50,17350
20240206,14:34:33,428.5,100,17350
20240206,14:38:34,420.0,400,17300
20240206,14:38:52,415.0,50,17300
20240206,14:40:03,415.0,100,17300
20240206,14:40:20,417.5,50,17300
20240206,14:42:10,419.9,50,17850
20240206,14:42:26,421.15,50,17850
20240206,14:46:48,431.95,50,17950
20240206,14:46:59,432.2,100,17950
20240206,14:48:31,432.2,50,17850
20240206,14:50:19,443.65,150,17850
20240206,14:50:25,441.0,50,17900
20240206,14:53:23,448.2,850,17950
20240206,14:53:50,449.9,50,17950
20240206,14:54:01,447.4,100,17950
20240206,14:54:08,455.0,50,17950
20240206,14:54:22,460.0,100,17950
20240206,14:54:51,460.0,50,17950
20240206,14:55:13,460.0,50,17950
20240206,14:55:20,461.45,50,17950
20240206,14:55:52,460.2,50,17950
20240206,14:57:09,450.35,50,17300
20240206,14:57:44,441.75,150,17300
20240206,15:00:37,437.2,100,17250
20240206,15:06:33,432.0,50,17250
20240206,15:06:52,428.8,100,17250
20240206,15:07:09,425.0,50,17250
20240206,15:07:21,427.05,150,17250
20240206,15:08:47,436.8,50,17300
20240206,15:09:27,432.85,50,17300
20240206,15:09:38,436.35,50,17300
20240206,15:09:49,437.45,100,17300
20240206,15:14:59,450.0,50,17250
20240206,15:15:40,450.15,50,17250
20240206,15:16:12,448.6,100,17250
20240206,15:18:02,449.5,50,17200
20240206,15:20:12,449.95,50,17200
20240206,15:22:30,431.8,50,17150
20240206,15:23:34,427.55,50,17200
20240206,15:23:56,425.0,200,17200
20240206,15:24:03,424.8,150,17200
20240206,15:24:39,423.0,200,17200
20240206,15:25:40,422.25,250,17200
20240206,15:26:02,421.2,300,17200
20240206,15:26:13,420.0,50,17200
20240206,15:26:23,420.95,50,17200
20240206,15:26:43,421.35,50,17800
20240206,15:27:08,423.55,650,17800
20240206,15:27:23,422.45,50,17800
20240206,15:27:39,420.95,50,17800
20240206,15:28:21,418.25,50,17800
20240206,15:29:03,418.3,150,17800
20240206,15:29:16,416.8,100,17800
20240207,09:15:54,346.45,1,18550
20240207,09:15:54,343.15,1,18550
20240207,09:15:54,348.05,300,18550
20240207,09:16:07,350.95,200,18550
20240207,09:16:22,349.95,50,18550
20240207,09:16:34,348.25,150,18550
20240207,09:16:48,343.15,100,18800
20240207,09:16:59,340.95,350,18800
20240207,09:17:11,341.5,650,18800
20240207,09:17:23,343.2,150,18800
20240207,09:17:35,346.4,650,18800
20240207,09:17:59,348.05,50,18800
20240207,09:18:51,358.0,50,18800
20240207,09:18:53,359.95,50,18800
20240207,09:19:07,359.95,50,18800
20240207,09:19:11,359.9,50,18800
20240207,09:19:14,357.6,50,18800
20240207,09:19:17,359.95,300,18800
20240207,09:19:20,359.8,1850,18800
20240207,09:19:40,355.2,50,18800
20240207,09:19:45,352.9,200,19500
20240207,09:19:47,350.35,100,19500
20240207,09:19:50,350.25,100,19500
20240207,09:19:52,352.5,750,19500
20240207,09:19:53,352.05,200,19500
20240207,09:19:55,351.5,600,19500
20240207,09:19:56,353.5,350,19500
20240207,09:19:58,350.45,200,19500
20240207,09:20:00,352.0,950,19500
20240207,09:20:01,351.5,150,19500
20240207,09:20:03,350.6,200,19500
20240207,09:20:05,351.5,1250,19500
20240207,09:20:14,359.85,50,19500
20240207,09:20:16,359.9,100,19500
20240207,09:20:19,361.6,1450,19500
20240207,09:20:23,361.6,50,19500
20240207,09:20:24,356.95,50,19500
20240207,09:20:27,358.75,150,19500
20240207,09:20:36,356.85,50,19500
20240207,09:21:03,360.4,50,19500
20240207,09:21:09,363.7,250,19500
20240207,09:21:13,363.75,50,19500
20240207,09:21:16,365.8,100,19500
20240207,09:21:18,366.8,1250,19500
20240207,09:21:19,364.75,150,19500
20240207,09:21:24,364.75,100,19500
20240207,09:21:49,367.7,50,19500
20240207,09:21:59,367.7,200,19500
20240207,09:22:01,363.35,500,19500
20240207,09:22:35,370.0,50,25200
20240207,09:22:42,370.0,500,25200
20240207,09:22:52,370.0,50,25200
20240207,09:24:11,360.0,200,25200
20240207,09:24:16,361.4,150,25200
20240207,09:24:18,360.15,100,25200
20240207,09:25:01,350.45,50,25200
20240207,09:25:08,350.65,50,25200
20240207,09:25:11,354.45,50,25200
20240207,09:25:18,355.85,1200,25200
20240207,09:25:21,358.5,100,25200
20240207,09:25:40,361.45,100,24850
20240207,09:25:46,364.4,1000,24850
20240207,09:25:51,364.65,50,24850
20240207,09:26:00,367.5,500,24850
20240207,09:26:13,364.05,100,24850
20240207,09:26:25,364.9,50,24850
20240207,09:26:38,367.85,100,24850
20240207,09:26:43,367.85,50,24850
20240207,09:26:48,367.45,150,24850
20240207,09:27:08,371.85,500,24850
20240207,09:27:40,374.05,100,24850
20240207,09:27:45,374.05,100,24850
20240207,09:27:50,374.3,50,24850
20240207,09:27:58,379.0,50,24850
20240207,09:28:25,379.0,50,24850
20240207,09:28:33,379.35,50,26250
20240207,09:28:36,380.0,50,26250
20240207,09:28:53,380.0,50,26250
20240207,09:28:55,378.0,1250,26250
20240207,09:29:06,376.0,150,26250
20240207,09:29:18,380.0,100,26250
20240207,09:29:38,379.35,50,26250
20240207,09:29:46,378.5,1800,26250
20240207,09:30:08,373.75,100,26250
20240207,09:30:13,371.55,50,26250
20240207,09:30:33,383.4,50,26250
20240207,09:31:00,383.4,50,26250
20240207,09:31:11,370.0,50,26250
20240207,09:31:29,364.45,50,26250
20240207,09:31:34,366.3,150,26800
20240207,09:31:58,373.3,50,26800
20240207,09:32:32,371.75,100,26800
20240207,09:33:21,379.0,50,26800
20240207,09:34:10,380.05,100,26800
20240207,09:34:28,377.9,50,26800
20240207,09:34:53,370.8,100,27050
20240207,09:35:01,370.8,50,27050
20240207,09:35:16,368.35,50,27050
20240207,09:35:38,369.55,50,27050
20240207,09:35:39,367.6,50,27050
20240207,09:36:46,364.6,500,27050
20240207,09:36:58,368.5,150,27050
20240207,09:37:13,364.2,50,27050
20240207,09:37:20,364.65,50,27050
20240207,09:37:26,363.0,100,27050
20240207,09:37:40,360.0,250,27200
20240207,09:37:41,362.0,100,27200
20240207,09:37:43,363.0,100,27200
20240207,09:37:46,360.85,200,27200
20240207,09:37:56,364.2,150,27200
20240207,09:38:13,360.85,100,27200
20240207,09:38:23,358.0,100,27200
20240207,09:38:39,358.95,50,27200
20240207,09:38:41,360.0,100,27200
20240207,09:38:56,357.05,50,27200
20240207,09:39:02,358.55,250,27200
20240207,09:39:32,355.2,50,27200
20240207,09:39:34,355.0,250,27200
20240207,09:40:14,357.15,50,27200
20240207,09:40:18,356.55,50,27200
20240207,09:40:19,355.4,50,27200
20240207,09:40:23,356.8,50,27200
20240207,09:40:48,351.35,50,28200
20240207,09:41:14,357.5,250,28200
20240207,09:41:16,356.85,100,28200
20240207,09:41:21,356.7,50,28200
20240207,09:42:01,363.7,50,28200
20240207,09:42:17,368.0,50,28200
20240207,09:42:22,368.65,250,28200
20240207,09:42:29,371.55,50,28200
20240207,09:42:31,371.5,50,28200
20240207,09:42:41,378.45,50,28200
20240207,09:42:43,381.75,250,28200
20240207,09:42:49,379.55,150,28200
20240207,09:42:51,383.0,1950,28200
20240207,09:42:53,384.0,150,28200
20240207,09:42:58,384.0,200,28200
20240207,09:43:01,384.0,350,28200
20240207,09:43:03,380.6,300,28200
20240207,09:43:06,383.15,50,28200
20240207,09:43:12,384.65,200,28200
20240207,09:43:19,381.55,50,28200
20240207,09:43:31,383.2,50,28200
20240207,09:43:42,381.0,100,27650
20240207,09:44:34,392.8,200,27650
20240207,09:44:43,392.8,250,27650
20240207,09:45:40,385.5,50,27650
20240207,09:45:50,385.5,100,27650
20240207,09:46:00,383.7,100,27650
20240207,09:46:03,379.25,100,27650
20240207,09:46:05,380.75,100,27650
20240207,09:46:20,382.8,50,27650
20240207,09:46:28,384.8,150,27650
20240207,09:46:35,383.55,100,27600
20240207,09:46:41,381.65,100,27600
20240207,09:46:59,390.0,50,27600
20240207,09:47:08,392.8,100,27600
20240207,09:47:18,392.8,400,27600
20240207,09:47:59,394.75,50,27600
20240207,09:48:06,394.75,100,27600
20240207,09:48:33,389.55,50,27600
20240207,09:48:44,390.8,50,27600
20240207,09:48:59,392.15,100,27600
20240207,09:49:36,388.5,200,28050
20240207,09:49:42,383.85,50,28050
20240207,09:50:04,381.85,150,28050
20240207,09:50:53,390.35,100,28050
20240207,09:50:56,388.05,250,28050
20240207,09:51:04,387.5,150,28050
20240207,09:52:10,380.8,250,28050
20240207,09:52:20,384.6,150,28050
20240207,09:52:35,383.5,100,27700
20240207,09:52:41,380.05,200,27700
20240207,09:53:18,382.35,100,27700
20240207,09:54:01,377.05,400,27700
20240207,09:54:51,382.5,50,27700
20240207,09:56:15,370.0,50,27750
20240207,09:57:21,366.95,100,27750
20240207,09:57:53,370.95,200,27750
20240207,09:58:06,377.5,500,27750
20240207,09:58:17,375.95,200,27750
20240207,09:58:32,374.3,100,27750
20240207,09:58:55,367.95,50,28200
20240207,09:59:02,366.6,50,28200
20240207,10:00:31,374.65,100,28200
20240207,10:01:06,375.0,50,28200
20240207,10:02:41,377.5,200,28350
20240207,10:03:09,382.35,100,28350
20240207,10:03:37,380.0,50,28350
20240207,10:04:54,391.95,50,28350
20240207,10:05:03,394.85,50,28300
20240207,10:05:11,395.0,250,28300
20240207,10:05:13,395.0,200,28300
20240207,10:05:21,400.0,250,28300
20240207,10:05:26,401.0,50,28300
20240207,10:05:38,401.0,50,28300
20240207,10:05:43,396.65,100,28300
20240207,10:06:24,387.2,100,28300
20240207,10:08:03,379.0,200,28050
20240207,10:08:11,384.0,200,28050
20240207,10:08:33,379.0,50,28050
20240207,10:08:46,377.0,50,28050
20240207,10:08:58,377.8,50,28050
20240207,10:09:27,375.45,50,28050
20240207,10:10:09,372.6,50,28050
20240207,10:10:18,375.15,50,28050
20240207,10:10:19,376.05,50,28050
20240207,10:10:29,377.25,50,28050
20240207,10:10:46,376.95,50,28400
20240207,10:10:56,378.75,50,28400
20240207,10:11:01,376.95,50,28400
20240207,10:11:18,375.0,50,28400
20240207,10:12:19,371.0,200,28400
20240207,10:12:21,371.0,50,28400
20240207,10:12:24,370.0,100,28400
20240207,10:13:41,370.0,100,28800
20240207,10:13:51,369.5,50,28800
20240207,10:13:58,366.1,50,28800
20240207,10:14:14,369.45,50,28800
20240207,10:15:22,366.8,50,28800
20240207,10:15:57,369.0,100,28800
20240207,10:17:19,373.0,50,28950
20240207,10:17:25,373.45,100,28950
20240207,10:17:47,369.0,50,28950
20240207,10:17:49,369.0,50,28950
20240207,10:17:54,369.35,50,28950
20240207,10:18:09,365.0,50,28950
20240207,10:18:29,361.0,50,28950
20240207,10:18:42,361.0,50,28950
20240207,10:19:45,365.4,100,29350
20240207,10:19:50,366.0,50,29350
20240207,10:20:30,372.05,50,29350
20240207,10:20:45,373.0,50,29350
20240207,10:20:51,374.05,100,29350
20240207,10:21:01,371.65,50,29350
20240207,10:21:35,366.7,50,29350
20240207,10:22:28,375.0,150,29350
20240207,10:23:22,375.95,50,29500
20240207,10:23:45,376.0,250,29500
20240207,10:24:43,376.0,50,29500
20240207,10:24:55,377.45,400,29500
20240207,10:26:05,374.0,50,29950
20240207,10:26:54,378.55,50,29950
20240207,10:27:04,378.0,50,29950
20240207,10:27:42,372.7,50,29950
20240207,10:28:19,370.0,50,29950
20240207,10:28:29,372.5,150,29950
20240207,10:29:02,367.55,100,30050
20240207,10:30:00,372.0,50,30050
20240207,10:30:10,372.0,50,30050
20240207,10:30:39,372.2,100,30050
20240207,10:30:50,374.0,150,30050
20240207,10:31:10,374.6,50,30050
20240207,10:31:12,375.05,350,30050
20240207,10:31:35,376.7,100,30050
20240207,10:33:35,370.45,100,30550
20240207,10:34:39,377.9,50,30550
20240207,10:37:26,386.45,100,30500
20240207,10:37:38,386.55,100,30500
20240207,10:38:09,388.0,50,30500
20240207,10:38:13,387.5,200,30500
20240207,10:38:41,392.0,500,30500
20240207,10:38:53,390.7,50,30500
20240207,10:39:11,395.15,100,30500
20240207,10:40:09,391.15,550,30500
20240207,10:40:21,395.0,50,30500
20240207,10:40:31,395.15,100,30500
20240207,10:40:44,400.0,50,30600
20240207,10:41:32,390.25,50,30600
20240207,10:42:02,405.4,100,30600
20240207,10:42:07,406.0,50,30600
20240207,10:42:15,406.0,250,30600
20240207,10:42:25,400.95,50,30600
20240207,10:42:35,397.6,100,30600
20240207,10:43:16,403.55,50,30600
20240207,10:44:34,407.75,100,30600
20240207,10:45:34,407.75,250,30550
20240207,10:46:09,400.0,100,30550
20240207,10:49:40,390.95,100,30600
20240207,10:50:28,392.25,50,30600
20240207,10:52:30,388.6,100,30600
20240207,10:53:14,389.8,50,30550
20240207,10:53:33,392.45,100,30550
20240207,10:53:56,392.45,100,30550
20240207,10:54:26,390.0,250,30550
20240207,10:55:04,388.4,50,30550
20240207,10:55:28,389.1,50,30550
20240207,10:55:55,391.5,50,30600
20240207,10:56:22,389.95,50,30600
20240207,11:00:19,398.95,50,30600
20240207,11:00:22,399.5,200,30600
20240207,11:00:26,399.9,100,30600
20240207,11:00:50,397.0,50,30600
20240207,11:01:07,391.5,50,30600
20240207,11:03:18,399.0,100,30850
20240207,11:03:55,403.05,100,30850
20240207,11:04:17,403.5,200,30850
20240207,11:05:04,407.0,50,30600
20240207,11:05:08,407.5,500,30600
20240207,11:06:21,418.95,50,30600
20240207,11:07:01,418.95,500,30600
20240207,11:07:17,413.0,50,30600
20240207,11:07:45,408.85,500,30600
20240207,11:08:32,414.95,50,31200
20240207,11:08:34,415.0,500,31200
20240207,11:08:45,418.0,50,31200
20240207,11:09:10,415.65,200,31200
20240207,11:09:20,421.0,250,31200
20240207,11:09:25,423.95,250,31200
20240207,11:09:45,423.95,50,31200
20240207,11:10:01,417.4,50,31200
20240207,11:10:31,414.0,50,31200
20240207,11:11:46,410.55,50,30500
20240207,11:14:21,401.0,100,30500
20240207,11:14:26,399.0,50,30500
20240207,11:14:30,400.05,50,30500
20240207,11:15:30,402.65,50,30500
20240207,11:17:39,399.7,500,30550
20240207,11:18:04,401.35,50,30550
20240207,11:20:58,405.5,550,30650
20240207,11:21:06,407.15,50,30650
20240207,11:21:29,404.0,100,30650
20240207,11:21:51,410.5,50,30650
20240207,11:22:21,413.1,50,30650
20240207,11:23:28,413.0,250,30600
20240207,11:24:41,417.55,50,30600
20240207,11:24:50,417.0,100,30600
20240207,11:25:38,420.0,500,30600
20240207,11:25:46,417.3,250,30600
20240207,11:25:59,419.5,100,30900
20240207,11:26:11,420.0,100,30900
20240207,11:26:56,426.15,500,30900
20240207,11:27:19,427.5,100,30900
20240207,11:27:47,427.5,50,30900
20240207,11:27:49,421.65,50,30900
20240207,11:28:33,419.95,150,30900
20240207,11:28:36,420.8,100,30900
20240207,11:28:59,422.3,100,30850
20240207,11:29:07,425.0,50,30850
20240207,11:29:32,424.1,100,30850
20240207,11:29:36,423.25,100,30850
20240207,11:29:42,423.3,200,30850
20240207,11:31:23,425.55,100,30850
20240207,11:31:39,430.0,100,30850
20240207,11:31:49,437.0,100,30850
20240207,11:31:53,437.0,100,30850
20240207,11:31:56,435.0,250,30750
20240207,11:31:58,440.0,100,30750
20240207,11:32:01,442.0,300,30750
20240207,11:32:06,443.9,200,30750
20240207,11:32:09,444.6,50,30750
20240207,11:32:11,445.1,50,30750
20240207,11:32:18,445.55,1650,30750
20240207,11:32:24,444.15,50,30750
20240207,11:32:28,441.7,50,30750
20240207,11:32:41,446.25,50,30750
20240207,11:32:48,446.85,50,30750
20240207,11:32:58,446.85,150,30750
20240207,11:33:04,450.0,50,30750
20240207,11:34:10,455.95,50,30750
20240207,11:34:18,455.95,100,30750
20240207,11:34:23,456.95,100,30750
20240207,11:34:41,459.0,50,30750
20240207,11:34:55,459.0,100,28550
20240207,11:35:14,457.9,50,28550
20240207,11:35:19,463.05,150,28550
20240207,11:35:25,459.6,100,28550
20240207,11:35:30,458.85,300,28550
20240207,11:35:35,455.1,100,28550
20240207,11:35:42,449.95,100,28550
20240207,11:35:51,449.4,100,28550
20240207,11:36:01,446.35,400,28550
20240207,11:36:19,446.95,1150,28550
20240207,11:36:26,449.7,50,28550
20240207,11:36:31,451.9,50,28550
20240207,11:36:34,452.35,100,28550
20240207,11:36:36,452.35,400,28550
20240207,11:36:39,450.35,50,28550
20240207,11:36:42,449.0,100,28550
20240207,11:36:56,451.65,50,28550
20240207,11:37:05,451.9,100,28550
20240207,11:37:27,457.7,50,28550
20240207,11:38:14,470.0,150,27800
20240207,11:38:16,471.15,100,27800
20240207,11:38:22,471.15,250,27800
20240207,11:38:24,466.8,50,27800
20240207,11:38:39,466.8,50,27800
20240207,11:38:47,472.2,50,27800
20240207,11:38:52,472.7,100,27800
20240207,11:38:59,472.7,100,27800
20240207,11:39:00,471.5,100,27800
20240207,11:39:04,475.0,100,27800
20240207,11:39:14,477.05,50,27800
20240207,11:39:19,478.95,600,27800
20240207,11:39:22,478.95,50,27800
20240207,11:39:24,480.0,300,27800
20240207,11:40:00,480.0,150,27800
20240207,11:40:07,471.2,100,27800
20240207,11:40:11,476.95,100,27800
20240207,11:40:20,475.05,100,27800
20240207,11:41:22,478.0,100,27800
20240207,11:41:53,476.75,200,27100
20240207,11:42:11,474.45,100,27100
20240207,11:45:01,459.75,100,27150
20240207,11:45:13,465.0,50,27150
20240207,11:45:36,467.75,200,27150
20240207,11:45:41,465.05,50,27150
20240207,11:46:04,459.6,50,27150
20240207,11:46:56,459.6,50,27000
20240207,11:47:45,454.05,150,27000
20240207,11:48:47,452.95,350,27000
20240207,11:49:12,450.0,200,27000
20240207,11:49:40,450.0,50,27000
20240207,11:50:24,455.0,50,26900
20240207,11:55:24,471.15,100,26900
20240207,11:56:04,473.95,200,26800
20240207,11:56:14,476.95,200,26800
20240207,11:56:15,476.1,50,26800
20240207,11:56:29,485.0,50,26800
20240207,11:56:37,485.0,250,26800
20240207,11:56:59,485.95,50,26800
20240207,11:57:15,486.95,50,26800
20240207,11:57:40,490.9,200,26800
20240207,11:57:45,492.95,50,26800
20240207,11:57:52,492.95,50,26800
20240207,11:58:05,489.95,50,26800
20240207,11:58:15,492.95,250,26800
20240207,11:58:17,492.85,500,26800
20240207,11:59:06,490.0,1000,26450
20240207,11:59:14,490.15,500,26450
20240207,11:59:15,487.55,200,26450
20240207,11:59:45,482.15,200,26450
20240207,11:59:59,480.85,50,26450
20240207,12:00:06,486.3,500,26450
20240207,12:00:12,485.05,200,26450
20240207,12:01:08,470.85,50,26450
20240207,12:01:31,476.9,500,26450
20240207,12:01:56,477.05,50,27850
20240207,12:02:19,473.15,300,27850
20240207,12:04:20,460.85,50,27850
20240207,12:04:35,460.8,50,27850
20240207,12:06:59,460.8,50,27650
20240207,12:08:12,455.65,50,27650
20240207,12:08:50,452.85,150,27650
20240207,12:09:18,458.8,200,27650
20240207,12:10:31,459.6,500,27650
20240207,12:10:53,463.25,200,27650
20240207,12:11:20,457.25,1150,27800
20240207,12:11:24,456.05,200,27800
20240207,12:12:13,459.05,200,27800
20240207,12:12:30,461.65,500,27800
20240207,12:13:04,467.0,150,27800
20240207,12:13:23,467.0,50,27800
20240207,12:13:42,470.3,200,27800
20240207,12:13:54,468.4,50,27800
20240207,12:14:00,469.9,100,29200
20240207,12:14:57,469.9,400,29200
20240207,12:15:09,470.3,50,29200
20240207,12:15:47,463.55,50,29200
20240207,12:17:55,464.1,50,29100
20240207,12:21:27,461.75,50,29100
20240207,12:21:48,464.1,100,29100
20240207,12:21:53,461.4,50,29100
20240207,12:22:21,461.45,50,29100
20240207,12:22:38,466.1,100,29100
20240207,12:23:16,470.0,50,29100
20240207,12:24:21,470.0,100,29100
20240207,12:24:46,468.4,150,29100
20240207,12:25:50,471.0,1800,29100
20240207,12:25:56,471.6,1800,29100
20240207,12:26:01,470.25,1600,31000
20240207,12:28:24,457.85,200,31000
20240207,12:29:19,457.2,250,31850
20240207,12:29:52,458.6,400,31850
20240207,12:29:54,457.35,1400,31850
20240207,12:29:57,456.85,150,31850
20240207,12:32:21,452.4,50,32100
20240207,12:32:35,448.05,500,32100
20240207,12:33:12,440.0,300,32100
20240207,12:33:16,440.0,400,32100
20240207,12:33:17,440.15,50,32100
20240207,12:33:50,445.55,400,32100
20240207,12:34:56,439.9,500,32100
20240207,12:37:19,450.85,50,31900
20240207,12:40:09,460.95,50,31900
20240207,12:40:58,463.2,150,31900
20240207,12:41:21,454.0,150,31900
20240207,12:41:34,454.0,500,31900
20240207,12:41:49,458.3,200,31900
20240207,12:42:46,463.25,50,31900
20240207,12:45:36,462.0,50,31250
20240207,12:47:46,465.0,100,31250
20240207,12:48:12,465.65,100,31250
20240207,12:48:15,467.35,150,31250
20240207,12:48:36,463.45,50,31250
20240207,12:48:46,464.55,50,31250
20240207,12:49:26,465.2,50,31250
20240207,12:50:57,470.0,50,31150
20240207,12:51:06,471.6,50,31150
20240207,12:51:42,467.0,250,31150
20240207,12:54:14,475.0,50,31250
20240207,12:58:07,465.5,250,31200
20240207,12:58:29,464.0,50,31200
20240207,12:59:16,463.55,200,31150
20240207,13:00:38,468.05,50,31150
20240207,13:01:11,463.7,200,31150
20240207,13:02:09,468.65,50,31100
20240207,13:05:09,466.4,50,31100
20240207,13:08:42,455.95,50,31050
20240207,13:09:18,458.8,200,31050
20240207,13:10:01,456.15,50,31050
20240207,13:12:28,451.95,50,31150
20240207,13:12:38,450.0,50,31150
20240207,13:17:56,450.3,500,31250
20240207,13:18:45,450.0,50,31250
20240207,13:18:50,448.5,500,31250
20240207,13:18:56,449.8,50,31250
20240207,13:21:44,444.4,50,31950
20240207,13:28:17,455.1,500,32000
20240207,13:28:22,456.95,50,32000
20240207,13:30:02,466.0,900,32000
20240207,13:30:52,467.5,50,32050
20240207,13:32:52,447.55,50,32500
20240207,13:34:37,443.55,50,32500
20240207,13:34:38,443.55,100,32500
20240207,13:36:17,441.75,50,32500
20240207,13:36:37,442.8,500,32500
20240207,13:37:24,436.0,50,32500
20240207,13:37:50,428.4,50,32500
20240207,13:37:57,426.75,150,32500
20240207,13:38:05,431.0,50,32500
20240207,13:38:35,434.65,50,32650
20240207,13:38:38,434.9,100,32650
20240207,13:39:09,434.0,50,32650
20240207,13:39:13,433.65,50,32650
20240207,13:40:12,423.5,50,32650
20240207,13:41:09,413.15,50,32650
20240207,13:41:12,417.65,1800,32700
20240207,13:41:31,414.35,500,32700
20240207,13:41:37,415.75,1750,32700
20240207,13:42:17,413.95,50,32700
20240207,13:42:52,408.85,50,32700
20240207,13:43:07,410.6,50,32700
20240207,13:44:04,415.6,100,32700
20240207,13:44:10,414.75,50,30850
20240207,13:44:25,414.9,250,30850
20240207,13:44:39,419.6,50,30850
20240207,13:45:15,418.55,50,30850
20240207,13:45:40,423.95,400,30850
20240207,13:47:03,432.3,150,30850
20240207,13:48:08,434.55,50,30800
20240207,13:48:31,438.95,50,30800
20240207,13:48:43,440.95,100,30800
20240207,13:48:54,444.0,50,30800
20240207,13:48:58,443.7,50,30800
20240207,13:49:03,441.15,50,30800
20240207,13:49:27,444.35,200,30800
20240207,13:50:03,443.5,100,30800
20240207,13:50:36,439.9,700,30950
20240207,13:50:38,440.3,650,30950
20240207,13:54:36,440.3,50,29600
20240207,13:57:22,426.4,50,29550
20240207,13:57:29,423.85,50,29550
20240207,14:00:40,414.85,50,29550
20240207,14:01:28,415.0,50,29550
20240207,14:02:06,414.0,1800,29550
20240207,14:02:08,414.65,50,29550
20240207,14:02:15,413.6,1800,28400
20240207,14:02:20,415.6,1800,28400
20240207,14:03:44,417.35,50,28400
20240207,14:04:16,421.6,100,28400
20240207,14:05:13,421.0,50,27800
20240207,14:05:18,421.0,50,27800
20240207,14:06:02,415.05,50,27800
20240207,14:06:59,413.7,100,27800
20240207,14:07:23,411.35,150,27800
20240207,14:08:00,403.7,300,27800
20240207,14:08:02,400.0,250,27800
20240207,14:08:04,400.0,250,27800
20240207,14:08:28,397.45,100,28050
20240207,14:08:49,397.55,200,28050
20240207,14:09:11,397.55,200,28050
20240207,14:09:12,397.6,300,28050
20240207,14:09:49,400.95,150,28050
20240207,14:09:51,403.2,150,28050
20240207,14:09:52,403.5,150,28050
20240207,14:10:06,402.35,1800,28050
20240207,14:10:09,403.35,150,28050
20240207,14:10:12,403.7,100,28050
20240207,14:10:17,402.15,100,28050
20240207,14:10:43,394.0,50,28050
20240207,14:10:45,393.0,50,28050
20240207,14:10:50,389.55,150,28050
20240207,14:10:52,391.95,250,28050
20240207,14:11:23,389.1,200,27100
20240207,14:11:30,387.0,50,27100
20240207,14:12:00,383.3,550,27100
20240207,14:12:03,383.7,200,27100
20240207,14:13:00,386.0,100,27100
20240207,14:14:29,390.2,50,27550
20240207,14:15:16,388.1,450,27550
20240207,14:16:14,396.05,50,27550
20240207,14:16:34,400.0,100,27550
20240207,14:16:41,401.55,50,27550
20240207,14:17:19,403.0,50,28050
20240207,14:17:24,402.55,50,28050
20240207,14:17:54,402.95,50,28050
20240207,14:18:34,400.45,100,28050
20240207,14:19:00,393.95,150,28050
20240207,14:20:27,383.0,50,28000
20240207,14:20:31,385.0,50,28000
20240207,14:20:39,383.0,50,28000
20240207,14:20:41,380.05,50,28000
20240207,14:20:42,380.0,50,28000
20240207,14:20:49,380.0,100,28000
20240207,14:20:56,379.0,50,28000
20240207,14:21:03,378.45,50,28000
20240207,14:21:12,377.2,250,28000
20240207,14:22:34,385.55,200,28000
20240207,14:22:56,385.55,50,28000
20240207,14:23:04,383.5,400,28000
20240207,14:24:27,385.4,50,28350
20240207,14:24:39,385.0,1000,28350
20240207,14:24:57,384.8,300,28350
20240207,14:25:27,380.8,50,28350
20240207,14:25:36,384.55,50,28350
20240207,14:26:32,382.0,50,29700
20240207,14:27:34,389.0,50,29700
20240207,14:27:37,390.0,250,29700
20240207,14:28:12,390.0,50,29700
20240207,14:28:33,392.0,150,29700
20240207,14:29:21,393.5,250,29950
20240207,14:30:07,394.15,50,29950
20240207,14:30:28,393.5,200,29950
20240207,14:30:31,395.0,50,29950
20240207,14:30:40,396.8,350,29950
20240207,14:30:56,390.4,50,29950
20240207,14:31:10,395.75,150,29950
20240207,14:31:46,396.05,200,29950
20240207,14:31:50,394.45,50,29950
20240207,14:32:31,394.0,250,29700
20240207,14:32:40,398.0,250,29700
20240207,14:33:01,396.05,150,29700
20240207,14:33:14,398.25,100,29700
20240207,14:34:25,409.55,50,29700
20240207,14:34:57,410.05,50,29700
20240207,14:35:00,409.55,100,29700
20240207,14:35:10,410.95,50,29700
20240207,14:35:46,413.7,150,29700
20240207,14:35:56,409.2,50,29850
20240207,14:36:35,408.7,100,29850
20240207,14:37:15,397.25,400,29850
20240207,14:37:16,399.95,200,29850
20240207,14:38:03,402.95,50,29850
20240207,14:38:58,422.4,150,29900
20240207,14:39:01,425.0,1300,29900
20240207,14:39:03,426.8,100,29900
20240207,14:39:05,426.5,400,29900
20240207,14:39:08,429.95,400,29900
20240207,14:39:10,429.7,150,29900
20240207,14:39:11,425.0,1150,29900
20240207,14:39:44,427.0,250,29900
20240207,14:39:57,418.9,150,29900
20240207,14:40:04,421.05,600,29900
20240207,14:40:15,423.15,800,29900
20240207,14:40:23,424.5,50,29900
20240207,14:40:25,427.0,200,29900
20240207,14:40:33,427.8,50,29900
20240207,14:40:51,427.55,100,29900
20240207,14:41:01,429.45,50,29900
20240207,14:41:18,427.9,150,29900
20240207,14:41:20,427.35,500,29700
20240207,14:42:01,418.4,50,29700
20240207,14:42:32,415.1,400,29700
20240207,14:42:40,418.9,50,29700
20240207,14:42:47,418.9,300,29700
20240207,14:42:55,415.25,200,29700
20240207,14:43:00,413.25,200,29700
20240207,14:43:38,419.15,500,29700
20240207,14:43:52,418.0,150,29700
20240207,14:44:06,416.3,100,29700
20240207,14:44:38,414.75,50,29600
20240207,14:44:39,415.75,50,29600
20240207,14:45:33,411.0,150,29600
20240207,14:45:52,414.85,250,29600
20240207,14:46:10,415.0,50,29600
20240207,14:46:37,408.0,50,29600
20240207,14:46:39,407.7,100,29600
20240207,14:46:40,409.95,50,29600
20240207,14:47:49,415.95,50,29750
20240207,14:48:28,416.55,100,29750
20240207,14:48:48,421.0,50,29750
20240207,14:48:58,424.15,250,29750
20240207,14:49:39,423.45,100,29750
20240207,14:50:51,411.45,150,29800
20240207,14:51:06,408.05,50,29800
20240207,14:52:05,413.7,50,29800
20240207,14:52:50,409.0,500,29800
20240207,14:52:53,407.6,100,29800
20240207,14:53:00,406.75,400,29800
20240207,14:53:40,405.5,100,30150
20240207,14:53:43,406.15,100,30150
20240207,14:53:57,399.95,100,30150
20240207,14:54:52,399.15,100,30150
20240207,14:54:57,396.4,50,30150
20240207,14:55:02,396.05,50,30150
20240207,14:55:49,396.05,100,30150
20240207,14:55:54,395.95,50,30150
20240207,14:56:18,402.0,100,30150
20240207,14:57:50,410.95,50,30550
20240207,14:58:17,415.75,50,30550
20240207,14:58:47,409.5,50,30550
20240207,14:58:50,412.95,50,30550
20240207,14:59:14,417.2,550,30550
20240207,14:59:40,425.0,50,30900
20240207,14:59:45,424.35,200,30900
20240207,14:59:52,430.0,100,30900
20240207,15:00:04,423.0,700,30900
20240207,15:00:09,425.8,150,30900
20240207,15:00:34,423.25,200,30900
20240207,15:00:39,423.5,100,30900
20240207,15:01:19,413.95,150,30900
20240207,15:01:20,414.0,50,30900
20240207,15:01:40,419.8,50,30900
20240207,15:02:05,419.0,400,30900
20240207,15:02:07,418.85,150,30900
20240207,15:02:10,422.95,50,30900
20240207,15:04:20,415.7,100,31550
20240207,15:04:48,411.45,50,31550
20240207,15:05:02,413.2,100,31550
20240207,15:06:08,411.5,150,31550
20240207,15:12:34,404.25,50,31550
20240207,15:13:47,407.95,100,31550
20240207,15:14:29,408.1,50,31450
20240207,15:15:12,400.0,50,31450
20240207,15:15:14,401.0,50,31450
20240207,15:16:47,396.0,50,31450
20240207,15:17:04,395.95,50,31450
20240207,15:17:33,396.8,100,31400
20240207,15:18:22,400.55,200,31400
20240207,15:18:24,400.5,500,31400
20240207,15:18:26,401.05,850,31400
20240207,15:18:27,401.0,150,31400
20240207,15:19:04,395.95,600,31400
20240207,15:19:11,397.55,800,31400
20240207,15:19:24,397.65,900,31400
20240207,15:19:32,397.65,500,31400
20240207,15:19:54,396.25,50,31400
20240207,15:20:19,397.55,50,31400
20240207,15:21:12,400.0,50,34650
20240207,15:21:15,399.55,200,34650
20240207,15:21:20,400.6,500,34650
20240207,15:21:38,397.95,400,34650
20240207,15:21:40,397.95,50,34650
20240207,15:21:41,397.85,1450,34650
20240207,15:22:19,400.1,50,34650
20240207,15:22:54,397.6,200,34650
20240207,15:23:12,396.2,50,34650
20240207,15:23:15,397.9,50,34650
20240207,15:23:17,396.35,1000,34650
20240207,15:23:22,396.0,50,34650
20240207,15:23:25,396.0,500,35950
20240207,15:23:29,396.0,500,35950
20240207,15:23:30,396.0,100,35950
20240207,15:23:32,396.0,400,35950
20240207,15:23:40,395.35,500,35950
20240207,15:23:44,396.0,950,35950
20240207,15:24:02,395.45,300,35950
20240207,15:24:23,391.6,100,35950
20240207,15:24:25,390.8,100,35950
20240207,15:24:33,389.75,400,35950
20240207,15:24:46,389.95,550,35950
20240207,15:24:48,389.0,500,35950
20240207,15:25:03,389.0,500,35950
20240207,15:25:17,388.55,500,35950
20240207,15:25:19,388.6,200,35950
20240207,15:25:21,388.6,500,35950
20240207,15:25:34,388.0,100,35950
20240207,15:25:40,387.25,50,35950
20240207,15:25:47,386.85,50,35950
20240207,15:25:48,386.8,50,35950
20240207,15:25:52,386.75,450,35950
20240207,15:25:53,386.9,750,35950
20240207,15:25:55,387.2,500,35950
20240207,15:25:57,387.2,100,35950
20240207,15:26:00,387.2,100,35950
20240207,15:26:01,387.3,450,35950
20240207,15:26:03,387.25,1150,35950
20240207,15:26:05,387.7,150,35950
20240207,15:26:06,387.65,50,35950
20240207,15:26:08,387.7,750,35950
20240207,15:26:10,387.7,50,35950
20240207,15:26:14,387.3,250,35950
20240207,15:26:19,387.5,200,35950
20240207,15:26:24,387.2,200,35950
20240207,15:26:29,388.25,50,43250
20240207,15:26:30,387.2,500,43250
20240207,15:26:32,387.2,600,43250
20240207,15:26:35,387.2,100,43250
20240207,15:26:37,387.2,400,43250
20240207,15:26:47,387.05,1000,43250
20240207,15:27:06,387.5,600,43250
20240207,15:27:07,387.5,50,43250
20240207,15:27:08,387.85,250,43250
20240207,15:27:12,387.85,450,43250
20240207,15:27:13,387.9,1000,43250
20240207,15:27:15,387.9,100,43250
20240207,15:27:17,387.8,700,43250
20240207,15:27:18,387.6,200,43250
20240207,15:27:28,387.2,1800,43250
20240207,15:27:43,387.0,500,43250
20240207,15:27:45,387.0,500,43250
20240207,15:27:47,387.0,50,43250
20240207,15:27:52,384.85,550,43250
20240207,15:27:53,384.8,500,43250
20240207,15:27:55,384.6,200,43250
20240207,15:27:57,384.6,500,43250
20240207,15:28:02,384.9,200,43250
20240207,15:28:29,376.0,450,43250
20240207,15:28:30,375.0,500,43250
20240207,15:28:32,375.0,50,43250
20240207,15:28:42,377.1,100,43250
20240207,15:28:50,378.0,100,43250
20240207,15:28:52,376.7,250,43250
20240207,15:29:07,377.55,400,43250
20240207,15:29:12,379.0,150,43250
20240207,15:30:01,407.1,500,53900
20240208,09:15:24,357.7,1,53800
20240208,09:15:24,357.65,100,53800
20240208,09:15:26,353.55,100,53800
20240208,09:15:27,353.55,50,53800
20240208,09:15:29,355.25,50,53800
20240208,09:15:37,351.45,50,53800
20240208,09:15:42,347.85,200,53800
20240208,09:15:46,347.85,200,53800
20240208,09:15:49,350.45,50,53800
20240208,09:15:52,351.45,100,53800
20240208,09:15:56,350.3,250,53800
20240208,09:16:02,351.45,50,53800
20240208,09:16:05,350.0,250,53800
20240208,09:16:07,348.0,100,53800
20240208,09:16:09,346.55,150,53800
20240208,09:16:12,346.45,200,53800
20240208,09:16:15,348.0,50,53800
20240208,09:16:19,345.2,600,53800
20240208,09:16:20,348.7,50,53800
20240208,09:16:29,347.65,100,53800
20240208,09:16:32,346.15,250,53800
20240208,09:16:33,348.15,50,53800
20240208,09:16:40,347.85,50,54700
20240208,09:16:42,345.9,250,54700
20240208,09:16:47,345.8,100,54700
20240208,09:16:50,345.05,250,54700
20240208,09:16:55,345.05,50,54700
20240208,09:16:56,345.8,50,54700
20240208,09:17:00,343.65,250,54700
20240208,09:17:01,343.65,200,54700
20240208,09:17:03,342.9,100,54700
20240208,09:17:06,342.8,250,54700
20240208,09:17:11,342.8,50,54700
20240208,09:17:13,343.8,1050,54700
20240208,09:17:14,342.85,850,54700
20240208,09:17:18,342.85,100,54700
20240208,09:17:21,344.35,100,54700
20240208,09:17:28,344.0,650,54700
20240208,09:17:29,343.95,450,54700
20240208,09:17:37,344.25,550,54700
20240208,09:17:39,342.8,200,54700
20240208,09:17:42,342.6,50,54700
20240208,09:17:47,341.15,100,54700
20240208,09:17:49,341.15,100,54700
20240208,09:17:59,341.15,200,54700
20240208,09:18:01,340.95,100,54700
20240208,09:18:02,340.6,50,54700
20240208,09:18:04,340.6,850,54700
20240208,09:18:07,341.5,50,54700
20240208,09:18:09,341.95,150,54700
20240208,09:18:12,342.35,650,54700
20240208,09:18:14,342.4,250,54700
20240208,09:18:21,341.55,450,54700
20240208,09:18:22,341.45,600,54700
20240208,09:18:31,340.45,1150,54700
20240208,09:18:32,340.2,1150,54700
20240208,09:18:36,340.2,100,54700
20240208,09:18:37,340.0,200,54700
20240208,09:18:47,339.05,50,54700
20240208,09:18:51,339.05,50,54700
20240208,09:18:59,340.7,200,54700
20240208,09:19:04,340.25,550,54700
20240208,09:19:07,339.8,50,54700
20240208,09:19:17,340.35,50,54700
20240208,09:19:24,340.3,200,54700
20240208,09:19:29,340.65,200,54700
20240208,09:19:36,340.3,500,54700
20240208,09:19:39,339.85,50,51500
20240208,09:19:41,339.85,750,51500
20240208,09:19:42,340.25,200,51500
20240208,09:19:51,340.5,100,51500
20240208,09:19:56,340.45,300,51500
20240208,09:19:57,341.0,50,51500
20240208,09:20:10,336.4,50,51500
20240208,09:20:12,336.4,50,51500
20240208,09:20:15,337.0,100,51500
20240208,09:20:23,335.4,50,51500
20240208,09:20:27,334.6,450,51500
20240208,09:20:35,334.45,50,51500
20240208,09:20:36,334.2,500,51500
20240208,09:20:38,333.8,50,51500
20240208,09:20:43,333.8,50,51500
20240208,09:20:50,330.0,50,51500
20240208,09:20:54,327.85,450,51500
20240208,09:21:02,327.35,50,51500
20240208,09:21:08,324.8,750,51500
20240208,09:21:10,324.8,50,51500
20240208,09:21:12,326.7,50,51500
20240208,09:21:20,327.55,50,51500
20240208,09:21:28,327.85,50,51500
20240208,09:21:30,328.1,100,51500
20240208,09:21:38,328.65,150,51500
20240208,09:21:47,326.0,400,51500
20240208,09:21:52,322.95,150,51500
20240208,09:21:55,322.95,100,51500
20240208,09:22:01,325.25,50,51500
20240208,09:22:10,325.6,250,51500
20240208,09:22:45,329.8,50,53800
20240208,09:22:48,327.6,50,53800
20240208,09:22:51,330.4,150,53800
20240208,09:23:42,331.85,1700,53800
20240208,09:23:45,331.1,150,53800
20240208,09:23:47,331.1,50,53800
20240208,09:23:53,331.35,50,53800
20240208,09:24:12,335.1,500,53800
20240208,09:24:22,335.75,50,53800
20240208,09:24:25,337.35,150,53800
20240208,09:24:27,337.0,50,53800
20240208,09:24:35,336.75,100,53800
20240208,09:24:40,338.6,1100,53800
20240208,09:24:45,337.4,50,53800
20240208,09:24:49,337.5,200,53800
20240208,09:24:52,340.15,50,53800
20240208,09:24:59,339.35,50,53800
20240208,09:25:05,336.0,550,53800
20240208,09:25:09,338.9,50,53800
20240208,09:25:10,339.25,100,53800
20240208,09:25:12,339.25,50,53800
20240208,09:25:15,337.65,300,53800
20240208,09:25:24,336.0,50,53800
20240208,09:25:32,335.0,50,53800
20240208,09:25:34,335.05,500,53800
20240208,09:25:35,335.0,50,53800
20240208,09:25:39,335.2,50,53800
20240208,09:25:55,333.7,50,52100
20240208,09:25:57,330.0,50,52100
20240208,09:26:13,331.15,50,52100
20240208,09:26:18,330.8,100,52100
20240208,09:26:27,331.15,50,52100
20240208,09:26:28,330.0,300,52100
20240208,09:26:44,330.15,50,52100
20240208,09:26:45,331.9,150,52100
20240208,09:26:57,331.0,200,52100
20240208,09:26:59,331.5,50,52100
20240208,09:27:10,330.6,50,52100
20240208,09:27:17,330.4,100,52100
20240208,09:27:25,330.45,300,52100
20240208,09:27:35,330.45,150,52100
20240208,09:28:05,328.95,50,52100
20240208,09:28:10,328.45,50,52100
20240208,09:28:13,329.15,50,52100
20240208,09:28:37,330.6,500,52100
20240208,09:28:45,330.9,100,52950
20240208,09:28:59,330.7,50,52950
20240208,09:29:07,329.9,50,52950
20240208,09:29:10,329.75,50,52950
20240208,09:29:25,330.4,500,52950
20240208,09:29:30,331.2,50,52950
20240208,09:29:32,332.15,50,52950
20240208,09:29:35,332.15,50,52950
20240208,09:29:37,332.6,150,52950
20240208,09:29:48,333.8,250,52950
20240208,09:29:53,333.8,50,52950
20240208,09:30:01,332.6,200,52950
20240208,09:30:03,335.45,1750,52950
20240208,09:30:08,334.45,50,52950
20240208,09:30:24,331.35,50,52950
20240208,09:30:39,328.4,400,52950
20240208,09:30:44,330.8,200,52950
20240208,09:31:09,333.65,100,52950
20240208,09:31:16,335.0,50,52950
20240208,09:31:29,333.55,50,52950
20240208,09:31:31,334.0,50,52950
20240208,09:31:37,334.2,50,52950
20240208,09:31:44,334.05,350,54450
20240208,09:32:01,332.25,50,54450
20240208,09:32:09,335.55,50,54450
20240208,09:32:16,333.75,600,54450
20240208,09:32:32,335.65,50,54450
20240208,09:32:46,335.25,100,54450
20240208,09:33:01,338.55,50,54450
20240208,09:33:07,339.05,50,54450
20240208,09:33:09,340.15,200,54450
20240208,09:33:12,337.2,50,54450
20240208,09:33:14,337.0,600,54450
20240208,09:33:19,338.2,100,54450
20240208,09:33:24,339.0,500,54450
20240208,09:33:34,338.25,50,54450
20240208,09:33:36,339.5,50,54450
20240208,09:33:41,337.0,200,54450
20240208,09:33:52,339.45,50,54450
20240208,09:34:06,343.15,50,54450
20240208,09:34:09,345.75,200,54450
20240208,09:34:12,343.2,50,54450
20240208,09:34:16,339.95,250,54450
20240208,09:34:21,340.4,100,54450
20240208,09:34:27,343.65,50,54450
20240208,09:34:34,344.25,50,54450
20240208,09:34:37,344.15,50,54450
20240208,09:34:46,341.45,100,55500
20240208,09:35:01,341.0,400,55500
20240208,09:35:09,342.85,50,55500
20240208,09:35:17,344.45,50,55500
20240208,09:35:19,343.0,250,55500
20240208,09:35:22,343.8,150,55500
20240208,09:35:29,341.95,50,55500
20240208,09:36:01,342.95,50,55500
20240208,09:36:17,342.95,100,55500
20240208,09:36:32,342.0,100,55500
20240208,09:36:57,340.2,100,55500
20240208,09:37:08,340.2,50,55500
20240208,09:37:28,337.15,100,55500
20240208,09:37:31,338.5,50,55500
20240208,09:37:48,342.3,100,55500
20240208,09:37:54,343.0,100,55850
20240208,09:37:56,344.95,250,55850
20240208,09:38:01,344.3,150,55850
20240208,09:38:03,343.6,100,55850
20240208,09:38:08,344.0,50,55850
20240208,09:38:16,345.9,50,55850
20240208,09:38:21,345.95,50,55850
20240208,09:38:33,345.85,50,55850
20240208,09:39:01,345.15,100,55850
20240208,09:39:09,350.0,100,55850
20240208,09:39:11,350.0,250,55850
20240208,09:39:15,351.35,50,55850
20240208,09:39:20,350.3,100,55850
20240208,09:39:25,355.0,250,55850
20240208,09:39:27,357.8,850,55850
20240208,09:39:29,351.8,50,55850
20240208,09:39:30,352.45,100,55850
20240208,09:39:34,352.45,250,55850
20240208,09:39:35,353.7,50,55850
20240208,09:39:37,353.35,550,55850
20240208,09:39:44,353.2,700,55850
20240208,09:39:47,353.85,350,55850
20240208,09:39:49,354.05,50,55850
20240208,09:39:55,351.9,200,55850
20240208,09:40:00,353.2,150,55850
20240208,09:40:02,353.1,100,55850
20240208,09:40:03,356.3,50,55850
20240208,09:40:15,354.2,50,55850
20240208,09:40:19,355.1,300,55850
20240208,09:40:25,351.0,450,55850
20240208,09:40:30,351.05,400,55850
20240208,09:40:34,351.6,1250,55850
20240208,09:40:35,351.5,650,55850
20240208,09:40:42,349.9,150,55850
20240208,09:40:44,350.0,250,56350
20240208,09:40:45,349.75,300,56350
20240208,09:40:47,349.65,300,56350
20240208,09:40:49,351.3,200,56350
20240208,09:41:00,349.85,400,56350
20240208,09:41:02,349.8,250,56350
20240208,09:41:09,352.2,50,56350
20240208,09:41:35,353.9,550,56350
20240208,09:41:42,353.7,450,56350
20240208,09:41:55,354.0,50,56350
20240208,09:42:00,355.7,1800,56350
20240208,09:42:04,357.75,550,56350
20240208,09:42:05,359.7,350,56350
20240208,09:42:07,359.7,50,56350
20240208,09:42:10,360.0,850,56350
20240208,09:42:12,363.45,2100,56350
20240208,09:42:14,360.0,150,56350
20240208,09:42:15,360.4,50,56350
20240208,09:42:22,360.3,300,56350
20240208,09:42:24,360.0,350,56350
20240208,09:42:25,361.5,100,56350
20240208,09:42:29,360.8,100,56350
20240208,09:42:42,361.8,150,56350
20240208,09:42:44,359.95,150,56350
20240208,09:42:49,358.95,350,56350
20240208,09:43:01,360.0,150,56350
20240208,09:43:05,361.85,200,56350
20240208,09:43:08,362.25,700,56350
20240208,09:43:21,359.45,50,56350
20240208,09:43:55,356.25,100,53700
20240208,09:43:56,356.25,150,53700
20240208,09:43:59,355.0,4400,53700
20240208,09:44:01,355.0,450,53700
20240208,09:44:16,354.75,1200,53700
20240208,09:44:18,354.3,1350,53700
20240208,09:44:19,354.7,50,53700
20240208,09:44:28,353.5,1900,53700
20240208,09:44:31,352.15,300,53700
20240208,09:44:33,351.65,1100,53700
20240208,09:44:36,352.8,200,53700
20240208,09:44:43,352.5,550,53700
20240208,09:44:45,352.25,250,53700
20240208,09:44:51,350.3,50,53700
20240208,09:45:03,349.75,350,53700
20240208,09:45:15,352.5,750,53700
20240208,09:45:18,353.4,50,53700
20240208,09:45:26,357.05,100,53700
20240208,09:45:41,358.9,150,53700
20240208,09:45:51,360.95,50,53700
20240208,09:46:03,360.25,250,53700
20240208,09:46:14,360.25,100,53700
20240208,09:46:28,365.0,50,53700
20240208,09:46:29,369.0,200,53700
20240208,09:46:31,369.0,100,53700
20240208,09:46:33,369.8,150,53700
20240208,09:46:43,369.8,200,53700
20240208,09:46:46,367.45,150,48650
20240208,09:46:58,367.4,100,48650
20240208,09:47:00,366.5,50,48650
20240208,09:47:02,366.55,50,48650
20240208,09:47:03,370.35,50,48650
20240208,09:47:18,370.35,50,48650
20240208,09:47:22,365.8,50,48650
20240208,09:47:23,365.85,50,48650
20240208,09:47:37,363.05,50,48650
20240208,09:47:50,361.25,50,48650
20240208,09:47:57,362.05,50,48650
20240208,09:48:00,362.65,100,48650
20240208,09:48:01,360.6,450,48650
20240208,09:48:03,361.3,250,48650
20240208,09:48:06,361.45,50,48650
20240208,09:48:20,360.5,100,48650
20240208,09:48:21,361.3,100,48650
20240208,09:48:35,362.2,50,48650
20240208,09:48:46,360.7,50,48650
20240208,09:49:28,359.65,50,48650
20240208,09:49:32,360.0,50,48650
20240208,09:49:38,362.4,250,48650
20240208,09:49:47,361.05,50,47950
20240208,09:49:53,365.25,50,47950
20240208,09:50:02,368.05,250,47950
20240208,09:50:12,368.05,50,47950
20240208,09:50:15,367.1,50,47950
20240208,09:50:20,366.1,50,47950
20240208,09:50:25,367.2,200,47950
20240208,09:50:27,369.65,50,47950
20240208,09:50:32,370.0,50,47950
20240208,09:50:45,370.0,100,47950
20240208,09:50:59,368.25,50,47950
20240208,09:51:01,370.5,250,47950
20240208,09:51:06,372.15,250,47950
20240208,09:51:07,372.35,50,47950
20240208,09:51:11,374.0,300,47950
20240208,09:51:16,373.5,250,47950
20240208,09:51:21,373.4,100,47950
20240208,09:51:41,370.8,50,47950
20240208,09:51:46,372.0,50,47950
20240208,09:51:49,372.55,50,47950
20240208,09:52:01,372.05,50,47950
20240208,09:52:07,370.5,400,47950
20240208,09:52:14,371.4,350,47950
20240208,09:52:25,370.6,500,47950
20240208,09:52:27,371.85,150,47950
20240208,09:52:33,371.2,150,47950
20240208,09:52:35,371.0,50,47950
20240208,09:52:38,371.65,150,47950
20240208,09:52:58,369.9,100,46450
20240208,09:53:00,368.35,50,46450
20240208,09:53:13,367.8,50,46450
20240208,09:53:15,367.8,100,46450
20240208,09:53:17,366.2,200,46450
20240208,09:53:27,366.2,200,46450
20240208,09:53:28,368.25,150,46450
20240208,09:53:30,366.55,50,46450
20240208,09:53:32,367.75,1200,46450
20240208,09:53:37,365.25,150,46450
20240208,09:53:42,366.6,100,46450
20240208,09:54:03,362.9,50,46450
20240208,09:55:13,370.6,50,46450
20240208,09:55:17,369.45,200,46450
20240208,09:55:32,369.75,150,46450
20240208,09:55:47,373.4,400,46100
20240208,09:56:09,368.45,100,46100
20240208,09:56:37,364.95,50,46100
20240208,09:56:44,364.85,50,46100
20240208,09:57:15,364.85,150,46100
20240208,09:57:35,367.9,50,46100
20240208,09:57:43,366.8,50,46100
20240208,09:58:32,359.25,50,46100
20240208,09:58:54,357.7,100,46000
20240208,09:58:55,356.4,50,46000
20240208,09:58:57,356.45,50,46000
20240208,09:59:03,355.5,500,46000
20240208,09:59:20,355.15,450,46000
20240208,09:59:35,355.95,350,46000
20240208,10:00:00,364.5,100,46000
20240208,10:00:07,373.65,300,46000
20240208,10:00:14,375.7,450,46000
20240208,10:00:17,375.7,550,46000
20240208,10:00:24,372.65,50,46000
20240208,10:00:40,360.8,100,46000
20240208,10:00:42,357.05,150,46000
20240208,10:00:44,357.65,50,46000
20240208,10:00:45,358.45,200,46000
20240208,10:00:49,360.0,200,46000
20240208,10:00:59,360.0,200,46000
20240208,10:01:00,359.15,250,46000
20240208,10:01:15,361.0,100,46000
20240208,10:01:20,364.45,50,46000
20240208,10:01:24,363.15,100,46000
20240208,10:01:35,362.05,500,46000
20240208,10:01:44,362.2,50,46000
20240208,10:01:50,360.3,50,46100
20240208,10:02:25,364.65,300,46100
20240208,10:02:54,363.0,50,46100
20240208,10:03:27,360.75,50,46100
20240208,10:04:01,360.95,50,46100
20240208,10:04:04,362.4,100,46100
20240208,10:04:26,360.0,50,46100
20240208,10:04:27,360.0,50,46100
20240208,10:04:31,359.75,50,46100
20240208,10:04:47,359.45,100,46050
20240208,10:04:51,353.7,300,46050
20240208,10:04:54,350.0,100,46050
20240208,10:04:56,350.85,50,46050
20240208,10:04:57,348.15,200,46050
20240208,10:04:59,345.0,50,46050
20240208,10:05:01,339.5,1000,46050
20240208,10:05:02,337.15,550,46050
20240208,10:05:04,337.2,400,46050
20240208,10:05:07,338.05,600,46050
20240208,10:05:12,342.05,50,46050
20240208,10:05:17,339.55,50,46050
20240208,10:05:21,343.95,150,46050
20240208,10:05:24,341.5,200,46050
20240208,10:05:26,341.0,100,46050
20240208,10:05:27,343.7,200,46050
20240208,10:05:29,348.55,100,46050
20240208,10:05:31,346.3,50,46050
20240208,10:05:32,347.45,50,46050
20240208,10:05:37,354.85,150,46050
20240208,10:05:41,354.1,150,46050
20240208,10:05:42,362.0,1650,46050
20240208,10:05:44,361.2,1100,46050
20240208,10:05:46,359.0,500,46050
20240208,10:05:47,359.3,100,46050
20240208,10:05:49,356.25,50,46050
20240208,10:05:51,357.3,100,46050
20240208,10:05:52,359.95,150,46050
20240208,10:05:54,361.6,1400,46050
20240208,10:05:57,360.0,200,46050
20240208,10:06:02,362.0,350,46050
20240208,10:06:07,359.45,150,46050
20240208,10:06:22,364.0,200,46050
20240208,10:06:24,365.25,100,46050
20240208,10:06:36,361.35,50,46050
20240208,10:06:41,363.6,50,46050
20240208,10:07:00,355.05,100,46050
20240208,10:07:07,357.05,200,46050
20240208,10:07:11,355.0,100,46050
20240208,10:07:16,355.55,50,46050
20240208,10:07:19,355.0,50,46050
20240208,10:08:09,360.05,50,47950
20240208,10:08:35,365.0,50,47950
20240208,10:08:37,366.0,250,47950
20240208,10:08:47,364.35,150,47950
20240208,10:08:55,368.05,500,47950
20240208,10:09:04,369.15,50,47950
20240208,10:09:05,370.15,50,47950
20240208,10:09:09,370.95,300,47950
20240208,10:09:12,379.9,700,47950
20240208,10:09:14,388.8,200,47950
20240208,10:09:15,388.8,600,47950
20240208,10:09:17,380.6,1100,47950
20240208,10:09:19,380.7,50,47950
20240208,10:09:24,388.95,50,47950
20240208,10:09:25,388.95,200,47950
20240208,10:09:27,386.45,400,47950
20240208,10:09:29,387.45,150,47950
20240208,10:09:30,384.2,150,47950
20240208,10:09:34,382.35,400,47950
20240208,10:09:37,380.9,250,47950
20240208,10:09:42,383.55,250,47950
20240208,10:09:44,381.3,200,47950
20240208,10:09:47,381.9,150,47950
20240208,10:09:52,384.65,200,47950
20240208,10:09:54,383.5,250,47950
20240208,10:09:55,386.0,50,47950
20240208,10:09:57,385.5,500,47950
20240208,10:09:59,384.05,50,47950
20240208,10:10:02,390.0,50,47950
20240208,10:10:04,391.25,100,47950
20240208,10:10:05,398.05,150,47950
20240208,10:10:07,400.0,150,47950
20240208,10:10:12,400.0,350,47950
20240208,10:10:14,393.4,200,47950
20240208,10:10:24,393.4,150,47950
20240208,10:10:32,391.55,100,47950
20240208,10:10:49,393.0,50,47950
20240208,10:10:57,386.5,100,47950
20240208,10:10:59,390.0,100,46450
20240208,10:11:05,392.6,50,46450
20240208,10:11:07,394.8,50,46450
20240208,10:11:29,389.65,200,46450
20240208,10:11:30,393.6,300,46450
20240208,10:11:35,394.55,150,46450
20240208,10:11:37,391.65,100,46450
20240208,10:11:54,392.0,100,46450
20240208,10:11:57,391.85,100,46450
20240208,10:12:02,393.45,50,46450
20240208,10:12:17,394.8,200,46450
20240208,10:12:20,394.85,50,46450
20240208,10:12:24,393.6,200,46450
20240208,10:12:32,394.2,650,46450
20240208,10:12:35,395.15,50,46450
20240208,10:12:47,393.45,50,46450
20240208,10:13:17,392.4,100,46450
20240208,10:13:27,391.55,200,46450
20240208,10:13:47,389.55,100,46450
20240208,10:14:05,386.3,50,45300
20240208,10:14:21,380.0,50,45300
20240208,10:14:23,379.95,50,45300
20240208,10:14:25,383.5,1800,45300
20240208,10:14:35,381.6,100,45300
20240208,10:14:43,383.0,50,45300
20240208,10:14:53,387.45,400,45300
20240208,10:14:55,386.45,50,45300
20240208,10:14:56,385.0,400,45300
20240208,10:15:00,385.0,400,45300
20240208,10:15:08,387.45,200,45300
20240208,10:15:10,388.8,150,45300
20240208,10:15:16,389.55,50,45300
20240208,10:15:18,390.1,50,45300
20240208,10:15:21,393.55,100,45300
20240208,10:15:23,393.8,250,45300
20240208,10:15:25,396.2,50,45300
20240208,10:15:29,395.65,50,45300
20240208,10:15:31,400.0,100,45300
20240208,10:15:33,403.75,150,45300
20240208,10:15:34,412.65,1300,45300
20240208,10:15:36,410.7,350,45300
20240208,10:15:38,408.9,50,45300
20240208,10:15:39,410.8,1400,45300
20240208,10:15:41,411.5,200,45300
20240208,10:15:44,410.8,150,45300
20240208,10:15:46,414.0,300,45300
20240208,10:15:49,416.55,750,45300
20240208,10:15:54,415.0,150,45300
20240208,10:15:59,419.15,50,45300
20240208,10:16:01,420.0,150,45300
20240208,10:16:03,424.15,50,45300
20240208,10:16:04,424.15,50,45300
20240208,10:16:08,422.2,50,45300
20240208,10:16:09,420.8,300,45300
20240208,10:16:14,424.9,50,45300
20240208,10:16:16,425.9,200,45300
20240208,10:16:19,425.9,200,45300
20240208,10:16:24,419.85,50,45300
20240208,10:16:28,419.85,50,45300
20240208,10:16:29,420.1,50,45300
20240208,10:16:31,420.2,50,45300
20240208,10:16:34,423.0,50,45300
20240208,10:16:36,422.45,100,45300
20240208,10:16:39,422.45,150,45300
20240208,10:16:43,424.6,50,45300
20240208,10:16:48,423.15,250,45300
20240208,10:16:49,420.4,50,45300
20240208,10:16:56,423.1,250,45300
20240208,10:16:59,419.85,100,45350
20240208,10:17:16,418.45,50,45350
20240208,10:17:21,418.9,100,45350
20240208,10:17:51,408.45,100,45350
20240208,10:18:04,412.75,50,45350
20240208,10:18:14,412.75,50,45350
20240208,10:18:18,414.7,150,45350
20240208,10:18:34,418.0,50,45350
20240208,10:18:56,419.9,450,45350
20240208,10:19:08,417.85,100,45350
20240208,10:19:11,414.75,100,45350
20240208,10:19:18,412.4,50,45350
20240208,10:19:21,411.25,450,45350
20240208,10:19:28,412.4,200,45350
20240208,10:19:31,414.3,200,45350
20240208,10:19:43,408.85,200,45350
20240208,10:19:57,408.8,50,44050
20240208,10:20:04,407.25,2000,44050
20240208,10:20:16,408.2,50,44050
20240208,10:20:21,405.75,300,44050
20240208,10:20:28,406.2,50,44050
20240208,10:20:43,408.55,100,44050
20240208,10:20:48,409.9,100,44050
20240208,10:20:58,410.25,150,44050
20240208,10:21:18,404.2,100,44050
20240208,10:21:26,404.95,100,44050
20240208,10:21:41,407.65,50,44050
20240208,10:21:43,407.05,50,44050
20240208,10:21:53,413.0,1000,44050
20240208,10:21:56,412.2,1050,44050
20240208,10:22:03,410.75,150,44050
20240208,10:22:08,407.3,50,44050
20240208,10:22:09,407.35,150,44050
20240208,10:22:13,408.85,100,44050
20240208,10:22:18,406.95,100,44050
20240208,10:22:56,405.3,150,44850
20240208,10:23:07,397.45,50,44850
20240208,10:23:08,399.45,50,44850
20240208,10:23:17,403.25,100,44850
20240208,10:23:37,406.25,50,44850
20240208,10:23:47,405.45,150,44850
20240208,10:24:19,401.8,100,44850
20240208,10:24:22,399.0,500,44850
20240208,10:24:40,398.75,100,44850
20240208,10:24:47,400.35,100,44850
20240208,10:24:54,399.75,50,44850
20240208,10:24:55,399.15,100,44850
20240208,10:24:57,399.15,50,44850
20240208,10:24:58,398.3,50,44850
20240208,10:25:05,394.85,300,44850
20240208,10:25:12,397.05,100,44850
20240208,10:25:17,395.0,100,44850
20240208,10:25:22,394.7,100,44850
20240208,10:25:32,393.75,100,44850
20240208,10:25:50,396.75,100,44850
20240208,10:26:10,390.0,50,45100
20240208,10:26:20,380.0,100,45100
20240208,10:26:21,378.6,50,45100
20240208,10:26:23,380.0,450,45100
20240208,10:26:26,382.95,50,45100
20240208,10:26:28,381.55,100,45100
20240208,10:26:33,381.65,100,45100
20240208,10:26:50,379.1,50,45100
20240208,10:27:00,378.1,150,45100
20240208,10:27:01,372.3,100,45100
20240208,10:27:03,368.6,250,45100
20240208,10:27:05,369.45,100,45100
20240208,10:27:07,366.0,250,45100
20240208,10:27:08,369.0,200,45100
20240208,10:27:12,369.75,50,45100
20240208,10:27:33,366.45,200,45100
20240208,10:27:40,366.3,50,45100
20240208,10:28:00,370.7,50,45100
20240208,10:28:03,366.8,100,45100
20240208,10:28:05,367.85,50,45100
20240208,10:28:17,367.95,200,45100
20240208,10:28:20,366.8,100,45100
20240208,10:28:22,366.85,100,45100
20240208,10:28:28,366.95,500,45100
20240208,10:29:02,364.0,600,46400
20240208,10:29:08,362.4,150,46400
20240208,10:29:18,362.0,50,46400
20240208,10:29:23,361.95,250,46400
20240208,10:29:25,362.95,50,46400
20240208,10:29:33,366.5,50,46400
20240208,10:29:50,366.5,50,46400
20240208,10:29:53,366.55,100,46400
20240208,10:29:57,365.75,350,46400
20240208,10:30:10,370.0,50,46400
20240208,10:30:15,371.0,50,46400
20240208,10:30:22,371.0,50,46400
20240208,10:30:35,371.4,100,46400
20240208,10:30:52,368.45,50,46400
20240208,10:31:02,367.0,150,46400
20240208,10:31:03,367.0,400,46400
20240208,10:31:08,366.8,50,46400
20240208,10:31:27,358.0,50,46400
20240208,10:31:32,355.5,300,46400
20240208,10:31:38,357.0,50,46400
20240208,10:31:40,358.45,50,46400
20240208,10:31:55,358.0,50,47200
20240208,10:32:33,362.9,100,47200
20240208,10:33:05,365.35,50,47200
20240208,10:33:12,366.7,50,47200
20240208,10:33:27,365.1,250,47200
20240208,10:33:42,366.0,50,47200
20240208,10:33:55,363.75,50,47200
20240208,10:34:05,367.35,50,47200
20240208,10:34:12,367.8,100,47200
20240208,10:34:45,363.4,50,47200
20240208,10:34:50,361.0,50,47200
20240208,10:35:00,360.75,250,47350
20240208,10:35:02,358.8,350,47350
20240208,10:35:07,357.25,50,47350
20240208,10:35:12,357.65,50,47350
20240208,10:35:15,357.75,50,47350
20240208,10:35:27,359.2,150,47350
20240208,10:35:33,359.75,200,47350
20240208,10:36:10,365.75,50,47350
20240208,10:36:12,367.35,50,47350
20240208,10:36:25,365.35,50,47350
20240208,10:36:38,368.15,350,47350
20240208,10:37:02,369.8,50,47350
20240208,10:37:05,371.6,100,47350
20240208,10:37:34,369.6,500,47350
20240208,10:37:43,370.25,50,47350
20240208,10:37:52,372.1,100,47350
20240208,10:38:07,370.0,50,48850
20240208,10:38:12,366.0,150,48850
20240208,10:38:24,366.5,50,48850
20240208,10:38:29,365.75,50,48850
20240208,10:38:32,364.8,50,48850
20240208,10:39:27,365.8,50,48850
20240208,10:39:32,365.15,50,48850
20240208,10:39:33,365.0,150,48850
20240208,10:40:20,365.55,400,48850
20240208,10:40:21,367.7,50,48850
20240208,10:40:28,370.0,50,48850
20240208,10:40:38,367.7,50,48850
20240208,10:41:03,371.0,50,48900
20240208,10:41:06,374.0,50,48900
20240208,10:41:18,374.0,100,48900
20240208,10:41:20,372.35,450,48900
20240208,10:41:21,371.7,250,48900
20240208,10:41:23,376.0,50,48900
20240208,10:41:25,384.0,250,48900
20240208,10:41:26,387.4,350,48900
20240208,10:41:28,387.95,450,48900
20240208,10:41:31,391.0,50,48900
20240208,10:41:33,399.95,700,48900
20240208,10:41:35,401.8,1850,48900
20240208,10:41:36,399.6,500,48900
20240208,10:41:41,402.4,500,48900
20240208,10:41:43,402.4,100,48900
20240208,10:41:46,409.6,1000,48900
20240208,10:41:48,407.05,950,48900
20240208,10:41:50,399.3,400,48900
20240208,10:41:51,402.15,550,48900
20240208,10:41:53,402.85,150,48900
20240208,10:41:56,406.75,150,48900
20240208,10:42:01,406.25,100,48900
20240208,10:42:03,410.0,500,48900
20240208,10:42:04,411.75,500,48900
20240208,10:42:06,412.7,200,48900
20240208,10:42:08,415.8,300,48900
20240208,10:42:09,414.3,300,48900
20240208,10:42:18,412.8,500,48900
20240208,10:42:19,410.6,200,48900
20240208,10:42:21,407.35,100,48900
20240208,10:42:24,408.55,100,48900
20240208,10:42:39,411.0,100,48900
20240208,10:42:54,410.1,50,48900
20240208,10:42:55,409.0,150,48900
20240208,10:42:59,413.05,50,48900
20240208,10:43:03,412.65,50,48900
20240208,10:43:04,413.5,1200,48900
20240208,10:43:06,415.8,50,48900
20240208,10:43:08,420.0,250,48900
20240208,10:43:09,419.05,50,48900
20240208,10:43:11,421.15,150,48900
20240208,10:43:18,422.4,200,48900
20240208,10:43:24,425.0,250,48900
20240208,10:43:29,425.0,100,48900
20240208,10:43:31,429.0,6250,48900
20240208,10:43:33,431.2,950,48900
