date,time,tick_price,volume,open_interest
20211018,14:55:40,1209.0,50,50
20211025,11:02:24,2655.3,1,50
20211025,11:02:24,2655.3,50,50
20211214,14:29:25,433.7,1,50
20211214,14:29:25,433.7,50,50
20211214,15:03:01,452.45,50,50
20211217,14:15:10,380.7,1,100
20211217,14:15:10,380.7,50,100
20211217,14:19:10,380.8,100,150
20220401,10:56:28,464.25,1,250
20220401,10:56:28,464.25,50,250
20220401,11:24:44,1999.9,50,300
20220428,12:19:11,1200.0,1,250
20220428,12:19:11,1200.0,200,250
20220620,15:15:04,550.0,1,250
20220620,15:15:04,550.0,50,250
20221128,10:28:07,2169.0,1,250
20221128,10:28:07,2169.0,50,250
20221128,12:52:47,1895.0,50,300
20221213,09:21:28,1000.0,1,350
20221213,09:21:28,1000.0,50,350
20221214,15:27:31,1001.3,1,300
20221214,15:27:31,1001.3,50,300
20221219,11:25:18,1001.3,1,300
20221219,11:25:18,1001.3,50,300
20230310,11:10:37,325.0,1,300
20230310,11:10:37,325.0,50,300
20230310,11:11:59,325.0,50,350
20230310,11:12:24,325.0,50,350
20230310,11:12:52,325.0,50,350
20230310,11:13:22,325.0,50,350
20230310,11:15:10,350.0,50,550
20230310,11:15:40,375.0,50,550
20230310,11:16:54,375.0,50,550
20230310,11:18:19,375.0,50,550
20230310,11:18:23,375.0,50,700
20230310,11:19:46,400.0,50,700
20230310,11:24:45,400.0,50,850
20230310,11:40:17,375.0,50,900
20230313,12:21:00,400.0,1,950
20230313,12:21:00,400.0,50,950
20230316,15:24:43,450.0,1,950
20230316,15:24:43,450.0,50,950
20230323,14:10:37,450.0,1,900
20230323,14:10:37,450.0,50,900
20230324,14:58:07,448.65,1,900
20230324,14:58:07,450.0,150,900
20230324,14:59:53,350.0,50,900
20230324,15:03:45,350.0,50,900
20230327,12:26:47,355.0,1,950
20230327,12:26:47,355.0,50,950
20230329,11:35:39,308.15,1,900
20230329,11:35:39,308.15,50,900
20230329,12:28:20,320.0,50,850
20230616,14:32:19,999.0,1,850
20230616,14:32:19,999.0,50,850
20230616,15:14:59,760.0,50,850
20230616,15:25:50,760.0,50,850
20230626,13:22:16,800.0,1,850
20230626,13:22:16,800.0,100,850
20230706,11:07:04,1668.05,1,950
20230706,11:07:04,1668.05,50,950
20230706,12:33:00,1244.15,50,1000
20230707,09:56:30,1320.5,1,950
20230707,09:56:30,1320.5,100,950
20230707,10:02:50,1229.95,100,850
20230707,10:31:33,1229.95,50,900
20230707,12:00:51,1200.0,100,900
20230707,12:29:37,1200.0,50,850
20230718,11:23:03,1428.15,1,800
20230718,11:23:03,1428.15,50,800
20230719,11:17:15,1406.4,1,800
20230719,11:17:15,1406.4,50,800
20230719,12:09:49,1444.4,50,800
20230719,12:33:52,1450.0,50,800
20230720,12:11:14,1460.0,1,800
20230720,12:11:14,1460.0,50,800
20230721,12:35:44,1500.0,1,800
20230721,12:35:44,1500.0,150,800
20230721,12:35:53,1500.0,50,800
20230731,12:53:12,1710.0,1,800
20230731,12:53:12,1710.0,50,800
20230801,12:58:51,1400.05,1,800
20230801,12:58:51,1400.05,50,800
20230801,12:59:01,1400.0,50,800
20230801,14:54:54,1400.0,50,750
20230802,14:14:32,1368.6,1,750
20230802,14:14:32,1368.6,50,750
20230810,14:05:57,1275.65,1,750
20230810,14:05:57,1275.65,50,750
20230810,14:15:36,1123.75,50,800
20230814,09:50:18,1300.0,1,800
20230814,09:50:18,1300.0,50,800
20230814,10:00:32,1300.0,50,800
20230814,15:02:39,1200.0,50,850
20230814,15:02:58,1200.0,50,850
20230825,14:09:27,1200.0,1,800
20230825,14:09:27,1200.0,50,800
20230825,14:13:32,1200.0,50,850
20230906,14:49:56,1050.05,1,900
20230906,14:49:56,1050.0,150,900
20230906,15:07:07,1105.0,50,1000
20230906,15:11:42,1120.0,50,1000
20230906,15:20:53,1130.05,50,1050
20230906,15:21:49,1130.05,50,1100
20230906,15:21:58,1130.05,50,1100
20230906,15:22:03,1130.05,100,1100
20230907,09:21:58,1125.05,1,1300
20230907,09:21:58,1125.05,50,1300
20230907,13:41:41,1138.0,150,1350
20230907,13:46:02,1142.9,50,1500
20230907,13:47:21,1144.65,50,1500
20230907,13:48:05,1144.65,100,1500
20230907,13:48:10,1144.05,50,1500
20230907,13:56:06,1155.0,100,1750
20230907,14:00:42,1155.0,100,1800
20230907,14:33:49,1170.25,50,1900
20230907,14:36:08,1175.2,100,1900
20230907,14:39:12,1200.0,50,2050
20230907,15:29:22,1200.0,50,2050
20230908,09:33:03,1237.05,1,2100
20230908,09:33:03,1237.05,50,2100
20230908,09:38:47,1235.6,50,2150
20230908,09:54:05,1220.0,50,2200
20230908,11:21:09,1220.0,50,2200
20230908,11:34:59,1220.0,250,2250
20230908,14:38:10,1269.55,50,2500
20230908,14:38:20,1272.1,50,2500
20230908,15:25:05,1272.1,100,2500
20230908,15:25:47,1265.95,100,2500
20230908,15:27:00,1265.0,100,2500
20230908,15:28:25,1265.0,100,2500
20230908,15:29:37,1259.05,50,2500
20230908,15:29:39,1260.55,50,2500
20230908,15:29:41,1260.5,50,2500
20230908,15:29:43,1261.0,50,2500
20230908,15:29:46,1259.15,50,2500
20230908,15:29:58,1262.0,100,2500
20230911,09:28:18,1355.0,1,2850
20230911,09:28:18,1355.0,50,2850
20230911,09:41:07,1320.35,50,2900
20230911,10:04:38,1320.35,650,2950
20230911,10:04:43,1354.95,100,2950
20230911,10:05:12,1354.95,50,2950
20230911,10:05:28,1355.0,50,2950
20230911,10:15:33,1355.0,100,3500
20230911,10:34:05,1356.0,100,3600
20230911,11:09:57,1356.0,50,3700
20230911,12:42:48,1365.5,50,3750
20230911,12:43:07,1380.0,50,3750
20230911,13:32:34,1380.0,50,3850
20230911,13:46:32,1384.7,100,3900
20230911,13:49:07,1384.95,50,3900
20230911,14:01:40,1384.95,250,3950
20230911,14:03:02,1384.95,50,3950
20230911,14:14:46,1384.95,100,3950
20230911,15:09:00,1395.0,50,4100
20230911,15:16:16,1395.0,50,4150
20230911,15:19:51,1395.05,50,4200
20230914,14:49:45,1526.7,1,4300
20230914,14:49:45,1526.7,50,4300
20230914,15:08:19,1600.0,50,4300
20230914,15:09:50,1600.0,50,4350
20230914,15:29:26,1484.9,100,4350
20230915,11:02:19,1545.1,1,4350
20230915,11:02:19,1545.1,100,4350
20230920,10:02:28,1454.3,1,4300
20230920,10:02:28,1454.3,50,4300
20230920,10:06:45,1454.3,100,4250
20230920,15:10:20,1560.0,50,4250
20230920,15:24:06,1560.0,50,4300
20230921,11:00:23,1450.0,1,4350
20230921,11:00:23,1450.0,50,4350
20230922,10:17:53,1259.95,1,4350
20230922,10:17:53,1259.95,50,4350
20230925,12:01:48,1176.9,1,4400
20230925,12:01:48,1176.9,50,4400
20230925,14:13:01,1181.0,50,4450
20230925,14:15:11,1181.0,100,4450
20230926,12:24:48,1181.7,1,4300
20230926,12:24:48,1181.7,100,4300
20230926,12:41:14,1181.2,50,4400
20230926,12:48:13,1181.15,50,4400
20230926,12:49:27,1181.15,50,4400
20230926,15:26:58,1180.85,50,4500
20230927,09:24:07,1140.3,1,4500
20230927,09:24:07,1140.3,50,4500
20230927,09:24:11,1140.25,100,4550
20230927,09:36:34,1110.7,50,4550
20230927,09:36:38,1110.7,50,4700
20230927,09:36:40,1114.8,50,4700
20230927,09:36:42,1115.2,100,4700
20230927,09:36:43,1115.25,50,4700
20230927,09:36:56,1115.2,50,4700
20230927,09:48:25,1117.2,100,5050
20230927,09:48:32,1117.7,50,5050
20230927,09:48:43,1117.6,100,5050
20230927,10:03:19,1110.6,50,5300
20230927,11:05:48,1110.6,50,5350
20230927,11:05:57,1114.8,50,5350
20230927,11:52:16,1150.0,50,5350
20230927,12:32:07,1152.0,50,5350
20230927,12:56:59,1168.25,100,5400
20230927,12:57:04,1168.25,100,5400
20230927,12:58:49,1161.6,50,5550
20230927,12:58:54,1162.05,50,5550
20230927,12:59:09,1162.85,50,5550
20230927,13:01:16,1161.55,50,5700
20230927,13:03:09,1162.5,50,5700
20230927,13:04:14,1161.9,50,5800
20230927,13:04:24,1161.4,50,5800
20230927,13:04:38,1162.65,50,5800
20230927,13:07:25,1168.6,100,5950
20230927,13:07:32,1169.1,100,5950
20230927,13:07:45,1169.1,50,5950
20230927,13:07:57,1170.6,100,5950
20230927,13:08:03,1170.9,50,5950
20230927,13:10:30,1175.8,50,6350
20230927,13:10:36,1175.8,100,6350
20230927,13:12:59,1179.95,50,6500
20230927,13:13:05,1179.95,250,6500
20230927,13:14:38,1179.95,250,6500
20230927,13:14:56,1179.95,250,6500
20230927,13:25:01,1180.0,50,7250
20230927,14:43:59,1200.0,100,7300
20230927,14:55:24,1214.6,50,7400
20230927,14:57:19,1217.3,50,7400
20230927,15:01:25,1217.3,50,7500
20230927,15:02:48,1211.65,50,7500
20230927,15:03:29,1207.5,50,7500
20230929,09:28:33,1059.95,1,8000
20230929,09:28:33,1059.95,50,8000
20230929,09:28:35,1062.3,100,8000
20230929,09:28:37,1063.2,50,8000
20230929,09:28:38,1063.25,50,8000
20230929,09:30:51,1089.85,50,8250
20230929,09:32:35,1089.85,100,8250
20230929,09:32:48,1069.75,50,8250
20230929,09:32:51,1069.95,50,8250
20230929,09:32:56,1070.05,50,8250
20230929,09:35:33,1070.05,50,8500
20230929,09:35:38,1070.05,100,8500
20230929,09:35:42,1070.05,50,8500
20230929,09:35:47,1070.05,50,8500
20230929,09:35:51,1070.05,50,8500
20230929,09:35:54,1070.05,50,8500
20230929,09:35:55,1070.05,50,8500
20230929,09:35:56,1070.05,50,8500
20230929,09:35:59,1070.05,50,8500
20230929,09:36:01,1070.05,100,8500
20230929,09:36:04,1070.05,50,8500
20230929,09:36:06,1070.05,50,8500
20230929,09:36:11,1070.05,50,8500
20230929,09:36:16,1070.05,50,8500
20230929,09:36:18,1070.05,50,8500
20230929,09:36:47,1061.85,50,8500
20230929,09:38:00,1070.05,50,8500
20230929,09:47:21,1072.45,100,9450
20230929,09:47:39,1073.65,50,9450
20230929,09:47:41,1074.05,50,9450
20230929,09:47:48,1074.95,200,9450
20230929,09:48:06,1075.3,50,9450
20230929,09:48:09,1075.8,50,9450
20230929,09:50:17,1075.25,50,9950
20230929,09:53:11,1075.15,300,9950
20230929,09:53:12,1075.35,250,9950
20230929,09:53:12,1075.35,100,9950
20230929,09:53:13,1072.6,100,9950
20230929,09:53:15,1075.65,100,9950
20230929,09:53:17,1076.2,50,10850
20230929,09:53:19,1076.6,50,10850
20230929,09:53:21,1076.65,50,10850
20230929,09:53:23,1076.9,50,10850
20230929,09:53:25,1077.0,50,10850
20230929,09:53:27,1077.75,50,10850
20230929,09:53:30,1078.55,50,10850
20230929,09:53:32,1078.65,50,10850
20230929,09:53:35,1079.35,50,10850
20230929,09:53:37,1080.35,50,10850
20230929,09:53:40,1081.0,50,10850
20230929,09:54:09,1082.15,50,10850
20230929,09:54:12,1082.15,50,10850
20230929,09:54:40,1076.4,50,10850
20230929,09:57:17,1073.35,50,11550
20230929,09:57:23,1073.8,50,11550
20230929,10:00:00,1073.45,50,11650
20230929,10:00:02,1073.45,50,11650
20230929,10:00:05,1072.5,50,11650
20230929,10:00:07,1072.5,50,11650
20230929,10:00:09,1072.5,50,11650
20230929,10:23:47,1082.2,50,11900
20230929,10:25:25,1077.9,100,11900
20230929,10:25:32,1072.85,100,11900
20230929,10:28:32,1080.0,100,12150
20230929,10:29:03,1079.75,50,12150
20230929,10:38:53,1081.95,100,12300
20230929,10:38:53,1083.05,50,12300
20230929,10:38:55,1082.25,50,12300
20230929,10:38:57,1082.8,50,12300
20230929,10:39:00,1083.6,50,12300
20230929,10:39:32,1077.9,50,12300
20230929,10:39:38,1078.1,100,12300
20230929,10:40:04,1074.3,100,12300
20230929,10:47:26,1072.6,50,12900
20230929,10:47:39,1072.65,50,12900
20230929,10:51:37,1072.0,50,13000
20230929,10:52:56,1063.8,50,13000
20230929,10:52:59,1064.25,250,13000
20230929,10:53:08,1064.75,250,13000
20230929,10:54:48,1066.95,50,13600
20230929,10:56:48,1066.95,50,13650
20230929,11:00:08,1067.0,50,13700
20230929,11:00:20,1066.9,100,13700
20230929,11:02:06,1076.65,150,13700
20230929,11:02:09,1076.95,50,13700
20230929,11:02:18,1075.9,150,13700
20230929,11:11:17,1080.55,100,14200
20230929,11:11:21,1080.55,50,14200
20230929,11:11:36,1084.4,50,14250
20230929,11:11:47,1090.4,150,14250
20230929,11:18:35,1094.0,50,14450
20230929,11:18:37,1094.0,50,14450
20230929,11:31:13,1098.15,100,14550
20230929,11:31:29,1098.15,50,14550
20230929,11:31:50,1103.45,50,14550
20230929,11:32:51,1112.65,50,14600
20230929,11:33:01,1112.65,50,14600
20230929,11:33:09,1108.1,50,14600
20230929,11:33:11,1108.15,50,14600
20230929,11:33:42,1110.75,50,14600
20230929,11:35:29,1113.15,300,14600
20230929,11:35:34,1113.2,150,14750
20230929,11:35:41,1113.2,100,14750
20230929,11:35:46,1111.9,100,14750
20230929,11:39:47,1120.95,50,14950
20230929,11:39:56,1120.95,50,14950
20230929,11:41:43,1121.4,100,15050
20230929,11:43:14,1131.65,50,15050
20230929,11:55:52,1131.65,50,15200
20230929,11:56:06,1122.0,50,15200
20230929,11:58:27,1130.0,50,15300
20230929,12:04:34,1124.9,50,15350
20230929,12:19:19,1126.05,100,15350
20230929,12:19:36,1125.95,50,15350
20230929,12:19:43,1125.95,50,15350
20230929,12:35:14,1130.0,50,15350
20230929,12:41:21,1126.0,50,15350
20230929,12:47:44,1125.95,150,15350
20230929,12:49:47,1125.95,50,15350
20230929,12:50:00,1125.95,50,15350
20230929,12:50:26,1125.95,50,15350
20230929,12:50:42,1125.95,150,15350
20230929,12:50:55,1125.95,200,15350
20230929,12:51:30,1125.95,50,15350
20230929,12:51:42,1125.95,200,15350
20230929,12:51:47,1125.95,350,15350
20230929,12:51:52,1125.95,300,15350
20230929,12:54:00,1125.95,100,15750
20230929,12:54:20,1125.95,100,15750
20230929,13:13:11,1122.0,50,15750
20230929,13:54:18,1140.0,50,15750
20230929,13:56:34,1140.0,100,15750
20230929,13:57:30,1140.0,50,15750
20230929,13:57:37,1139.35,50,15750
20230929,13:57:49,1141.0,50,15750
20230929,13:57:52,1148.0,50,15750
20230929,13:58:36,1148.0,50,15750
20230929,13:59:06,1143.25,50,15750
20230929,13:59:09,1143.15,50,15750
20230929,14:00:25,1146.95,50,15700
20230929,14:00:35,1148.1,50,15700
20230929,14:00:44,1150.0,100,15700
20230929,14:01:18,1154.35,150,15700
20230929,14:05:29,1154.35,50,15750
20230929,14:11:01,1148.7,100,15750
20230929,14:11:03,1148.45,50,15750
20230929,14:22:20,1151.45,50,15750
20230929,14:27:31,1145.0,50,15750
20230929,14:43:11,1145.0,50,15750
20230929,14:44:32,1145.0,200,15700
20230929,14:44:38,1145.0,250,15700
20230929,15:01:51,1120.15,100,15750
20230929,15:03:03,1120.15,150,15750
20230929,15:03:17,1120.15,250,15750
20230929,15:03:17,1120.15,50,15750
20230929,15:04:26,1120.15,250,15750
20230929,15:04:32,1120.0,1400,15750
20230929,15:04:35,1120.0,150,15750
20230929,15:04:53,1120.0,500,15750
20230929,15:05:01,1120.0,400,15750
20230929,15:07:57,1115.65,450,17550
20230929,15:08:02,1115.65,350,17550
20230929,15:08:09,1115.65,1050,17550
20230929,15:09:41,1115.65,50,19400
20230929,15:09:54,1115.65,250,19400
20230929,15:11:29,1115.6,250,19400
20230929,15:11:35,1115.6,50,19400
20230929,15:11:42,1115.6,50,19400
20230929,15:14:16,1115.6,50,19950
20230929,15:14:36,1115.6,50,19950
20230929,15:21:18,1115.6,250,20050
20230929,15:21:30,1115.6,50,20050
20230929,15:21:36,1115.6,50,20050
20230929,15:22:24,1115.6,50,20050
20230929,15:22:36,1115.6,50,20050
20230929,15:22:49,1115.6,100,20050
20230929,15:23:04,1115.6,450,20050
20230929,15:28:05,1115.6,100,21050
20230929,15:29:59,1117.95,1,21000
20231003,09:36:54,1070.0,1,21000
20231003,09:36:54,1070.0,100,21000
20231003,09:47:12,1030.35,50,21000
20231003,09:53:39,1030.35,100,21050
20231003,09:55:33,1030.3,50,21050
20231003,09:56:21,1020.0,100,21050
20231003,09:57:04,1020.0,200,21200
20231003,09:58:10,1020.0,200,21200
20231003,10:02:13,1015.0,200,21300
20231003,10:03:01,1015.0,50,21500
20231003,10:15:42,1015.0,50,21550
20231003,10:18:12,1028.0,50,21600
20231003,10:21:25,1030.0,50,21600
20231003,10:21:32,1026.0,100,21600
20231003,10:21:38,1026.0,50,21600
20231003,10:23:00,1025.0,50,21600
20231003,10:54:07,1040.0,50,21800
20231003,10:54:13,1040.0,50,21800
20231003,11:00:07,1040.0,50,21800
20231003,11:41:15,1031.0,100,21900
20231003,11:50:12,1035.0,50,22000
20231003,12:01:20,1031.0,50,22050
20231003,12:04:29,1035.0,50,22100
20231003,12:18:29,1049.75,50,22100
20231003,12:28:25,1040.0,50,22050
20231003,12:42:27,1050.45,50,22100
20231003,12:48:58,1053.0,150,22100
20231003,12:49:19,1060.0,350,22100
20231003,13:21:42,1045.7,100,22250
20231003,13:21:47,1045.0,150,22250
20231003,13:28:57,1046.0,100,22500
20231003,13:45:51,1050.0,50,22600
20231003,13:45:57,1050.85,50,22600
20231003,13:46:03,1048.8,50,22600
20231003,13:47:26,1051.4,50,22600
20231003,13:48:14,1054.8,150,22800
20231003,13:48:20,1056.65,100,22800
20231003,13:52:42,1054.65,50,23050
20231003,13:52:48,1053.2,50,23050
20231003,13:53:16,1052.8,50,23050
20231003,14:23:31,1040.0,50,23200
20231003,14:45:06,1033.0,100,23250
20231003,14:45:52,1031.0,100,23350
20231003,15:11:00,1035.0,50,23350
20231003,15:11:44,1035.0,50,23450
20231003,15:17:23,1035.0,100,23450
20231003,15:19:42,1030.0,50,23450
20231003,15:22:49,1039.25,50,23450
20231004,09:23:28,958.15,1,23550
20231004,09:23:28,958.25,200,23550
20231004,09:26:38,946.5,50,23650
20231004,09:34:27,946.0,50,23700
20231004,09:37:36,946.0,100,23700
20231004,09:37:55,946.0,50,23700
20231004,09:39:00,943.75,50,23800
20231004,09:40:30,943.75,50,23800
20231004,09:40:32,948.0,50,23800
20231004,09:54:06,952.0,50,23950
20231004,09:54:50,955.0,50,23950
20231004,10:02:07,955.0,50,24000
20231004,10:09:19,952.0,50,24000
20231004,10:18:45,952.0,50,24000
20231004,10:19:55,952.0,50,24000
20231004,10:20:12,948.7,50,24000
20231004,10:23:04,950.0,200,24100
20231004,10:47:40,955.0,300,24150
20231004,10:48:16,955.0,50,24300
20231004,10:48:28,955.0,50,24300
20231004,10:48:46,955.0,50,24300
20231004,10:56:14,956.7,50,24200
20231004,10:58:31,960.0,150,24200
20231004,10:58:36,960.0,150,24250
20231004,10:59:22,960.0,500,24250
20231004,11:02:41,975.2,50,24500
20231004,11:17:32,975.2,150,24500
20231004,11:19:37,956.0,250,24650
20231004,11:31:11,955.0,50,24700
20231004,12:03:25,930.0,50,24700
20231004,12:10:16,930.0,50,24750
20231004,12:38:56,923.75,50,24800
20231004,12:40:19,923.75,100,24850
20231004,12:41:54,923.75,50,24850
20231004,12:44:42,936.3,100,24900
20231004,13:09:36,933.65,50,24900
20231004,13:13:18,933.65,50,24850
20231004,13:19:43,936.0,50,24900
20231004,13:20:55,936.0,50,24900
20231004,13:57:19,936.0,100,24900
20231004,14:12:19,950.0,200,24950
20231004,14:15:54,952.0,50,25050
20231004,14:26:34,952.0,50,25100
20231004,14:28:59,950.0,50,25100
20231004,14:40:26,957.0,100,25100
20231004,14:41:17,960.0,50,25100
20231004,14:42:57,975.15,50,25100
20231004,15:03:42,985.0,50,25100
20231004,15:10:24,988.5,50,25150
20231004,15:10:34,988.5,50,25150
20231004,15:13:09,983.9,50,25150
20231004,15:14:17,977.0,50,25150
20231004,15:17:24,974.05,50,25200
20231004,15:18:00,974.05,50,25200
20231005,09:15:48,1000.0,1,25300
20231005,09:15:48,1000.0,100,25300
20231005,09:18:58,992.3,150,25300
20231005,09:27:25,992.3,100,25450
20231005,09:28:38,1013.95,100,25450
20231005,09:31:08,1013.9,50,25450
20231005,09:33:49,1006.4,100,25400
20231005,09:35:09,1016.95,50,25400
20231005,09:35:15,1017.0,50,25400
20231005,09:37:14,1017.0,100,25550
20231005,09:38:41,1019.0,50,25650
20231005,09:41:35,1019.0,50,25700
20231005,09:44:26,1020.0,50,25700
20231005,09:50:23,1022.7,100,25800
20231005,10:00:00,1022.7,50,25800
20231005,10:07:30,1020.1,50,25850
20231005,10:15:48,1016.75,150,25850
20231005,10:15:54,1016.75,50,25850
20231005,10:22:12,1016.75,50,25850
20231005,10:27:31,1016.75,50,25900
20231005,10:27:32,1016.75,100,25900
20231005,10:27:43,1016.75,50,25900
20231005,10:27:45,1016.75,200,25900
20231005,10:27:46,1016.75,50,25900
20231005,10:28:42,1016.75,100,25900
20231005,10:28:48,1016.75,50,25900
20231005,10:28:49,1016.75,250,25900
20231005,10:29:05,1016.75,100,25900
20231005,10:30:13,1016.75,350,26150
20231005,10:30:21,1016.75,250,26150
20231005,10:42:27,1017.0,50,26750
20231005,10:51:52,1017.85,50,26750
20231005,11:31:32,1030.0,50,26800
20231005,11:36:10,1030.0,50,26800
20231005,11:57:02,1020.5,50,26850
20231005,12:03:07,1025.65,50,26850
20231005,12:56:31,1010.0,50,26800
20231005,13:21:59,1002.55,50,26800
20231005,13:35:35,1022.0,50,26800
20231005,13:35:41,1022.0,50,26850
20231005,13:37:19,1018.25,50,26950
20231005,13:41:11,1011.75,50,26900
20231005,13:55:44,1010.0,150,26950
20231005,13:57:57,1017.0,100,26950
20231005,13:59:24,1017.0,100,26950
20231005,14:14:30,1017.0,100,27150
20231005,14:17:20,1017.0,50,27150
20231005,14:20:32,1017.0,50,27200
20231005,14:35:44,1017.0,300,27200
20231005,15:03:29,1017.0,100,27200
20231005,15:24:33,1025.5,50,27300
20231005,15:24:39,1025.5,50,27300
20231005,15:24:44,1025.45,100,27300
20231005,15:24:50,1025.8,100,27300
20231005,15:29:44,1018.0,50,27550
20231005,15:29:58,1032.0,150,27550
20231006,10:11:00,1049.25,1,27450
20231006,10:11:00,1049.25,50,27450
20231006,10:28:09,1055.0,50,27500
20231006,10:46:15,1065.05,100,27500
20231006,10:55:11,1070.0,50,27600
20231006,10:56:40,1070.0,50,27650
20231006,10:57:03,1067.0,100,27650
20231006,10:59:30,1079.45,50,27650
20231006,10:59:36,1079.45,50,27800
20231006,11:34:10,1040.0,50,27800
20231006,11:34:48,1040.0,50,27800
20231006,12:29:48,1046.4,50,27800
20231006,12:45:48,1057.0,50,27800
20231006,13:09:18,1060.0,50,27850
20231006,13:37:50,1072.0,200,27900
20231006,13:41:28,1070.0,200,27900
20231006,14:43:21,1070.0,100,27900
20231006,14:50:56,1069.55,50,28000
20231006,14:51:16,1066.0,50,28050
20231006,14:51:27,1070.0,50,28050
20231006,14:51:33,1070.0,50,28050
20231006,14:54:00,1070.0,50,28050
20231006,15:10:00,1070.0,50,28200
20231006,15:14:30,1062.4,50,28200
20231006,15:18:27,1062.4,50,28200
20231006,15:27:52,1070.0,50,28200
20231006,15:29:44,1074.6,50,28200
20231009,09:17:55,1009.9,1,28300
20231009,09:17:55,1009.9,50,28300
20231009,09:17:58,1005.3,100,28300
20231009,09:18:00,1005.25,50,28300
20231009,09:18:02,1005.25,50,28300
20231009,09:18:10,1006.35,50,28300
20231009,09:18:42,1007.95,150,28300
20231009,09:18:48,1008.15,150,28300
20231009,09:20:05,1000.0,50,28300
20231009,09:20:19,1000.0,150,28300
20231009,09:20:26,1000.05,50,28300
20231009,09:20:59,1006.1,50,28800
20231009,09:31:24,1017.05,50,28800
20231009,09:47:10,1031.0,50,28850
20231009,10:03:45,1031.0,100,28800
20231009,10:07:04,1024.3,50,28900
20231009,10:07:34,1021.0,100,28900
20231009,10:12:00,1029.0,50,29050
20231009,10:14:00,1060.3,50,29050
20231009,10:14:19,1060.3,50,29050
20231009,10:15:34,1036.5,50,29050
20231009,10:15:47,1035.65,50,29050
20231009,10:16:55,1036.5,100,29050
20231009,10:26:46,1040.0,50,29050
20231009,10:26:52,1040.0,50,29050
20231009,10:30:16,1032.0,50,29150
20231009,10:41:34,1025.0,50,29200
20231009,10:56:03,1034.35,50,29250
20231009,10:56:59,1038.7,50,29300
20231009,10:57:05,1038.45,50,29300
20231009,10:57:13,1039.6,50,29300
20231009,10:57:15,1039.95,50,29300
20231009,10:57:38,1039.8,50,29300
20231009,11:01:06,1041.1,200,29300
20231009,11:18:13,1035.0,50,29350
20231009,11:39:12,1042.05,50,29350
20231009,12:47:17,1021.0,100,29350
20231009,12:50:33,1019.65,50,29350
20231009,13:09:13,1025.0,50,29300
20231009,13:52:58,1035.0,50,29350
20231009,14:15:48,1022.05,50,29400
20231009,14:19:03,1017.0,50,29450
20231009,14:21:16,1013.8,50,29500
20231009,14:28:09,1028.0,50,29550
20231009,14:28:21,1031.2,50,29550
20231009,15:15:33,1027.85,50,29550
20231009,15:24:32,1017.0,100,29500
20231009,15:26:48,1016.65,50,29500
20231010,09:16:17,1079.55,1,29500
20231010,09:16:17,1079.55,50,29500
20231010,09:16:22,1079.7,100,29500
20231010,09:17:15,1079.7,50,29500
20231010,09:22:54,1070.0,50,29500
20231010,09:23:01,1070.0,150,29500
20231010,09:24:25,1069.1,50,29400
20231010,09:24:31,1067.0,100,29400
20231010,09:26:46,1066.05,100,29350
20231010,09:30:15,1066.05,50,29250
20231010,09:30:34,1069.95,50,29250
20231010,09:39:12,1070.0,100,29150
20231010,10:15:34,1077.0,200,29100
20231010,10:21:37,1080.0,50,29200
20231010,10:31:55,1085.0,50,29200
20231010,11:23:59,1091.75,100,29200
20231010,11:25:18,1091.3,50,29200
20231010,11:47:14,1088.95,100,29200
20231010,12:05:32,1090.0,50,29100
20231010,12:13:40,1095.7,200,29150
20231010,12:52:01,1124.0,100,29150
20231010,13:00:29,1125.35,50,29250
20231010,13:03:59,1133.05,250,29250
20231010,13:04:00,1133.0,100,29250
20231010,13:06:21,1135.65,50,29450
20231010,13:06:46,1135.65,200,29450
20231010,13:06:49,1135.55,100,29450
20231010,13:06:51,1135.95,100,29450
20231010,13:06:52,1135.95,50,29450
20231010,13:06:53,1134.8,50,29450
20231010,13:06:55,1137.55,150,29450
20231010,13:07:08,1137.55,50,29450
20231010,13:07:09,1135.0,150,29450
20231010,13:07:20,1137.45,100,29450
20231010,13:07:21,1135.1,100,29450
20231010,13:08:22,1138.35,100,29450
20231010,13:08:34,1138.35,50,29450
20231010,13:08:40,1138.35,100,29450
20231010,13:08:52,1139.5,50,29450
20231010,13:08:58,1139.5,150,29450
20231010,13:09:04,1139.0,50,29750
20231010,13:09:16,1139.5,100,29750
20231010,13:09:17,1139.45,100,29750
20231010,13:09:19,1139.45,50,29750
20231010,13:09:36,1139.0,50,29750
20231010,13:25:54,1132.0,50,30100
20231010,13:26:06,1133.05,50,30100
20231010,13:29:42,1142.15,50,30100
20231010,13:37:39,1152.45,50,30150
20231010,13:37:40,1152.45,50,30150
20231010,13:37:44,1151.5,50,30150
20231010,13:38:39,1149.05,50,30150
20231010,13:38:45,1150.55,50,30150
20231010,13:38:51,1152.1,100,30150
20231010,13:39:10,1152.5,50,30150
20231010,13:39:46,1153.9,150,30150
20231010,13:43:18,1154.3,50,30150
20231010,13:43:56,1154.45,50,30150
20231010,13:44:02,1157.0,200,30150
20231010,13:44:15,1157.0,100,30150
20231010,13:44:21,1153.95,50,30150
20231010,13:48:16,1146.0,50,30600
20231010,13:48:49,1145.15,100,30600
20231010,13:48:55,1145.1,150,30600
20231010,13:55:37,1150.45,50,30700
20231010,13:57:09,1148.0,50,30700
20231010,14:03:59,1155.0,100,30750
20231010,14:04:33,1157.0,200,30750
20231010,14:22:37,1168.15,50,31050
20231010,14:24:13,1168.15,50,31100
20231010,14:24:46,1166.95,50,31100
20231010,14:24:47,1167.0,50,31100
20231010,14:29:39,1167.0,50,31250
20231010,15:04:31,1150.0,50,31250
20231010,15:18:39,1155.0,50,31250
20231010,15:25:05,1005.0,100,31300
20231010,15:29:13,1005.0,50,31250
20231011,09:18:02,1194.6,1,31000
20231011,09:18:02,1194.55,1,31000
20231011,09:18:02,1194.65,200,31000
20231011,09:20:41,1205.9,100,31200
20231011,09:22:29,1205.95,100,31200
20231011,09:24:10,1215.0,100,31200
20231011,09:27:41,1213.0,50,31250
20231011,09:36:03,1227.05,100,31250
20231011,09:37:58,1234.65,50,31250
20231011,09:42:49,1234.65,50,31300
20231011,09:47:06,1234.0,150,31250
20231011,10:07:43,1225.0,100,31200
20231011,10:10:55,1384.4,100,31300
20231011,10:35:18,1384.4,50,31300
20231011,10:41:36,1238.45,100,31300
20231011,10:42:51,1239.0,250,31350
20231011,10:44:01,1233.0,100,31350
20231011,10:44:19,1242.8,50,31350
20231011,10:44:32,1240.05,200,31350
20231011,10:45:34,1237.0,250,31350
20231011,10:45:48,1233.0,400,31550
20231011,10:45:50,1233.0,100,31550
20231011,11:35:14,1235.95,100,31550
20231011,11:43:48,1235.95,100,31650
20231011,11:58:57,1238.0,200,31650
20231011,12:01:19,1240.6,50,31650
20231011,12:02:14,1250.0,50,31650
20231011,12:02:40,1240.6,50,31650
20231011,12:15:43,1230.2,100,31600
20231011,12:42:00,1221.5,150,31700
20231011,13:05:46,1225.85,50,31700
20231011,13:06:23,1225.7,100,31750
20231011,13:07:06,1225.35,50,31750
20231011,13:07:57,1224.7,100,31750
20231011,13:08:59,1225.0,50,31750
20231011,13:09:38,1229.15,50,31850
20231011,13:09:42,1228.45,50,31850
20231011,13:19:44,1225.15,50,31950
20231011,13:55:53,1214.35,100,31900
20231011,13:56:00,1213.05,50,31900
20231011,13:56:06,1213.0,50,31900
20231011,14:11:33,1213.0,50,31950
20231011,14:11:50,1213.0,50,31950
20231011,14:30:34,1214.05,50,32050
20231011,14:32:46,1220.0,50,32050
20231011,15:10:44,1220.0,50,32150
20231011,15:13:25,1220.0,50,32200
20231011,15:27:50,1227.3,100,32200
20231011,15:27:51,1227.5,100,32200
20231012,09:37:50,1220.0,1,32000
20231012,09:37:50,1220.0,50,32000
20231012,09:58:10,1200.0,50,32050
20231012,10:04:43,1200.0,50,32100
20231012,10:29:12,1198.8,100,32100
20231012,10:42:48,1198.8,50,32150
20231012,10:48:47,1216.95,100,32150
20231012,10:51:19,1219.55,100,32250
20231012,10:59:25,1219.55,50,32300
20231012,11:39:34,1217.35,50,32300
20231012,11:41:10,1217.35,50,32350
20231012,11:42:24,1217.5,50,32450
20231012,11:53:59,1228.1,100,32450
20231012,12:59:11,1228.1,50,32600
20231012,13:11:53,1223.15,50,32650
20231012,13:20:04,1221.1,50,32650
20231012,13:26:41,1223.55,200,32650
20231012,13:36:03,1223.6,50,32650
20231012,13:57:35,1226.75,50,32700
20231012,14:02:13,1226.75,100,32750
20231012,14:04:41,1226.0,50,32850
20231012,14:04:46,1226.0,50,32850
20231012,14:04:52,1226.0,50,32850
20231012,14:15:20,1225.0,50,32850
20231012,14:30:33,1227.0,100,32850
20231012,15:11:11,1218.9,50,32850
20231012,15:12:32,1219.0,50,32850
20231012,15:17:45,1220.0,50,32850
20231012,15:18:14,1219.05,50,32850
20231012,15:18:31,1222.65,50,32900
20231012,15:20:14,1222.0,50,32900
20231012,15:24:15,1224.05,100,32950
20231013,09:32:09,1155.5,1,33050
20231013,09:32:09,1156.0,100,33050
20231013,09:55:51,1139.0,50,33050
20231013,10:04:05,1132.7,50,33100
20231013,10:13:23,1132.7,50,33100
20231013,10:46:01,1130.0,150,33150
20231013,10:46:07,1130.0,50,33150
20231013,10:46:20,1130.0,50,33150
20231013,10:52:02,1130.0,50,33300
20231013,11:10:22,1126.3,100,33350
20231013,11:32:44,1126.0,50,33350
20231013,12:44:21,1126.0,50,33400
20231013,12:59:53,1147.7,50,33400
20231013,13:00:29,1147.7,50,33400
20231013,13:06:00,1130.0,50,33500
20231013,13:09:18,1157.0,100,33500
20231013,13:10:20,1162.9,50,33500
20231013,13:10:51,1162.9,50,33500
20231013,13:19:00,1165.0,50,33700
20231013,13:23:08,1165.0,50,33700
20231013,13:28:34,1152.4,50,33700
20231013,13:28:35,1152.35,50,33700
20231013,13:28:38,1158.7,50,33700
20231013,13:28:40,1158.6,50,33700
20231013,13:28:42,1158.6,50,33700
20231013,13:28:50,1153.25,50,33700
20231013,13:28:55,1152.65,50,33700
20231013,13:28:59,1152.25,50,33700
20231013,13:29:02,1152.1,50,33700
20231013,13:29:28,1152.5,50,33700
20231013,13:37:09,1160.4,50,34200
20231013,13:43:49,1160.4,100,34250
20231013,13:43:51,1160.4,100,34250
20231013,13:43:53,1160.4,100,34250
20231013,14:28:29,1185.7,50,34550
20231013,14:49:06,1185.7,50,34550
20231013,14:51:34,1170.0,50,34500
20231013,15:06:52,1165.0,50,34500
20231013,15:11:05,1168.55,50,34500
20231013,15:20:59,1160.4,50,34500
20231013,15:22:08,1160.4,150,34550
20231013,15:29:29,1140.0,50,34550
20231013,15:29:53,1140.0,50,34700
20231016,09:58:38,1143.45,1,34650
20231016,09:58:38,1143.45,50,34650
20231016,10:30:21,1144.75,50,34700
20231016,10:36:01,1153.5,50,34750
20231016,10:52:42,1153.5,100,34750
20231016,11:06:48,1160.0,100,34800
20231016,11:09:44,1160.0,50,34900
20231016,11:09:51,1140.0,50,34900
20231016,11:10:51,1140.0,50,34900
20231016,11:12:31,1144.0,100,34950
20231016,11:33:06,1152.0,100,34950
20231016,11:34:49,1152.0,100,34950
20231016,11:35:18,1152.0,100,34950
20231016,11:36:38,1151.5,50,34950
20231016,11:49:34,1165.0,100,35000
20231016,11:51:41,1165.0,100,35000
20231016,11:53:49,1165.0,100,35000
20231016,12:00:31,1172.95,50,35100
20231016,12:05:44,1172.95,50,35050
20231016,12:06:02,1168.0,50,35000
20231016,12:12:32,1160.35,100,34950
20231016,12:24:24,1173.0,50,34950
20231016,12:24:25,1177.0,50,34950
20231016,12:24:41,1177.0,50,34950
20231016,12:25:16,1177.0,150,34950
20231016,12:25:35,1176.8,50,34950
20231016,12:26:52,1176.8,50,34950
20231016,12:26:53,1176.8,150,35200
20231016,12:26:54,1176.8,100,35200
20231016,12:26:56,1176.8,150,35200
20231016,12:26:59,1176.8,50,35200
20231016,12:27:34,1176.8,50,35200
20231016,12:27:35,1176.8,100,35200
20231016,12:27:46,1176.8,100,35200
20231016,12:27:53,1176.8,50,35200
20231016,12:29:17,1176.8,100,35200
20231016,12:29:51,1175.0,100,35200
20231016,12:30:26,1175.0,100,35600
20231016,12:31:52,1175.0,350,35600
20231016,12:31:58,1175.0,50,35600
20231016,12:36:51,1185.7,50,36100
20231016,12:40:59,1185.7,200,36100
20231016,13:18:46,1158.15,150,36200
20231016,13:44:55,1158.15,50,36350
20231016,13:54:31,1171.6,50,36400
20231016,14:03:37,1172.95,50,36450
20231016,15:03:20,1159.5,50,36400
20231016,15:04:39,1149.9,50,36400
20231016,15:07:15,1149.9,50,36350
20231016,15:14:40,1157.1,50,36350
20231016,15:14:44,1160.5,50,36350
20231017,09:48:51,1209.0,1,36150
20231017,09:48:51,1209.0,50,36150
20231017,10:04:16,1210.0,100,36200
20231017,10:39:03,1210.0,50,36300
20231017,11:14:03,1210.0,50,36350
20231017,11:17:07,1215.55,50,36400
20231017,11:22:43,1215.55,150,36400
20231017,11:22:44,1210.0,150,36400
20231017,11:23:48,1210.0,200,36400
20231017,11:26:52,1210.0,100,36900
20231017,11:27:19,1208.0,200,37000
20231017,11:29:43,1208.0,50,37000
20231017,11:29:53,1204.0,150,37250
20231017,12:19:13,1204.0,150,37350
20231017,12:44:28,1204.0,50,37450
20231017,12:44:42,1222.25,200,37450
20231017,12:44:48,1221.35,100,37450
20231017,12:44:51,1221.55,50,37450
20231017,12:44:54,1221.6,50,37450
20231017,12:44:58,1222.95,50,37450
20231017,12:45:01,1222.95,50,37450
20231017,12:45:12,1220.55,50,37450
20231017,12:45:21,1219.9,50,37450
20231017,12:45:24,1220.1,50,37450
20231017,12:45:33,1221.5,50,37450
20231017,12:45:42,1222.6,50,37450
20231017,12:48:20,1224.35,50,37700
20231017,12:48:21,1224.45,50,37700
20231017,12:53:19,1226.0,50,37800
20231017,15:12:52,1226.0,50,37750
20231017,15:16:19,1187.4,50,37750
20231017,15:27:15,1187.4,100,37750
20231017,15:27:16,1286.6,150,37750
20231017,15:27:23,1286.6,50,37750
20231017,15:28:05,1208.95,50,37950
20231018,09:16:42,1189.05,1,37850
20231018,09:16:42,1189.05,50,37850
20231018,09:17:03,1189.05,50,37850
20231018,09:17:13,1181.1,50,37850
20231018,09:20:38,1177.65,50,37950
20231018,09:22:56,1168.35,50,37950
20231018,09:27:13,1168.35,50,37950
20231018,09:30:04,1181.1,150,38000
20231018,09:30:38,1180.3,50,38050
20231018,09:30:47,1179.15,50,38050
20231018,09:34:59,1181.1,50,38050
20231018,09:35:01,1181.0,50,38200
20231018,09:35:08,1181.75,50,38200
20231018,09:35:39,1182.2,50,38350
20231018,09:38:07,1187.7,50,38350
20231018,09:40:08,1187.7,50,38450
20231018,09:53:38,1180.0,50,38500
20231018,10:14:25,1201.7,50,38550
20231018,11:08:17,1202.75,100,38600
20231018,11:12:06,1202.75,100,38600
20231018,11:58:50,1150.0,100,38650
20231018,12:03:35,1150.0,100,38600
20231018,12:40:57,1140.0,50,38600
20231018,12:48:25,1140.0,50,38650
20231018,13:09:19,1154.0,300,38700
20231018,13:10:26,1154.0,300,38700
20231018,13:57:14,1166.95,100,38400
20231018,13:57:20,1166.75,200,38400
20231018,13:57:51,1000.0,50,38400
20231018,13:58:15,1000.0,50,38400
20231018,14:11:16,1157.0,100,38450
20231018,14:11:27,1162.0,50,38450
20231018,14:26:29,1141.75,50,38600
20231018,14:36:14,1140.4,50,38650
20231018,14:37:08,1133.05,50,38700
20231018,15:03:04,1130.75,50,38750
20231018,15:08:59,1131.2,50,38800
20231018,15:09:04,1129.95,50,38800
20231018,15:09:15,1129.8,50,38800
20231018,15:09:18,1129.65,50,38800
20231018,15:09:24,1129.0,50,39000
20231018,15:09:27,1128.9,50,39000
20231018,15:09:30,1128.9,50,39000
20231018,15:09:32,1128.9,50,39000
20231018,15:10:21,1128.0,100,39000
20231018,15:10:24,1128.0,100,39000
20231018,15:10:26,1128.85,50,39000
20231018,15:10:29,1128.85,50,39000
20231018,15:10:40,1128.4,50,39000
20231018,15:10:43,1126.2,50,39000
20231018,15:10:46,1126.2,50,39000
20231018,15:10:48,1126.2,50,39000
20231018,15:10:52,1126.0,50,39000
20231018,15:10:55,1124.2,50,39000
20231018,15:11:00,1126.0,50,39000
20231018,15:11:02,1126.0,100,39000
20231018,15:11:04,1126.0,50,39000
20231018,15:19:15,1130.4,650,39900
20231018,15:19:21,1129.8,200,39900
20231018,15:19:26,1130.7,100,39900
20231018,15:20:00,1131.15,50,39900
20231018,15:20:44,1125.9,50,39900
20231018,15:20:58,1124.05,150,39900
20231018,15:21:04,1123.6,50,39900
20231018,15:21:26,1123.0,100,40650
20231018,15:21:31,1128.5,200,40650
20231018,15:21:37,1125.8,450,40650
20231018,15:21:43,1124.8,450,40650
20231018,15:23:53,1117.7,50,40650
20231018,15:28:29,1115.0,50,41800
20231018,15:29:44,1117.0,100,41800
20231019,09:32:38,1054.35,1,41950
20231019,09:32:38,1057.45,1,41950
20231019,09:32:38,1055.55,150,41950
20231019,09:32:44,1055.35,100,41950
20231019,09:32:57,1055.7,50,41950
20231019,09:35:28,1047.8,50,41950
20231019,09:35:33,1047.15,50,41950
20231019,09:35:35,1047.15,100,42350
20231019,09:36:02,1047.0,50,42350
20231019,09:36:06,1047.0,50,42350
20231019,09:36:43,1047.0,50,42350
20231019,09:39:44,1047.0,100,42350
20231019,09:40:10,1056.65,50,42600
20231019,09:42:40,1049.0,100,42500
20231019,09:43:17,1045.55,50,42500
20231019,09:43:23,1045.05,100,42500
20231019,09:46:00,1047.05,100,42650
20231019,09:46:06,1045.35,400,42650
20231019,09:46:12,1045.35,100,42650
20231019,09:46:18,1045.0,50,42650
20231019,09:47:20,1045.0,150,42650
20231019,09:47:26,1045.0,100,42650
20231019,09:47:32,1045.0,200,42650
20231019,09:47:38,1045.0,50,42650
20231019,09:48:45,1045.0,50,43800
20231019,09:50:13,1050.9,50,43800
20231019,09:50:25,1046.95,50,43800
20231019,09:50:38,1048.0,50,43800
20231019,09:51:27,1050.5,50,43850
20231019,09:52:51,1056.65,50,43850
20231019,09:55:25,1058.9,50,43950
20231019,09:55:31,1059.05,50,43950
20231019,09:55:36,1059.05,100,43950
20231019,09:55:43,1054.85,50,43950
20231019,09:55:54,1059.05,50,43950
20231019,09:56:22,1054.2,50,43950
20231019,09:56:57,1059.1,50,44300
20231019,09:59:23,1067.15,100,44300
20231019,09:59:25,1067.15,50,44300
20231019,10:05:21,1055.95,50,44500
20231019,10:06:49,1053.8,50,44550
20231019,10:08:57,1054.1,50,44600
20231019,10:14:00,1046.75,50,44650
20231019,10:14:19,1049.0,50,44650
20231019,10:19:22,1044.7,50,44750
20231019,10:20:22,1044.7,50,44750
20231019,10:23:41,1046.8,50,44850
20231019,10:23:44,1046.45,50,44900
20231019,10:26:18,1052.75,50,44900
20231019,10:27:31,1050.15,50,45000
20231019,10:28:03,1049.95,50,45000
20231019,10:28:07,1052.8,100,45000
20231019,10:28:24,1052.8,50,45000
20231019,10:28:36,1052.8,50,45000
20231019,10:28:39,1053.6,50,45000
20231019,10:28:42,1053.65,50,45000
20231019,10:29:30,1053.65,300,45000
20231019,10:29:40,1053.65,50,45000
20231019,10:29:46,1053.65,50,45000
20231019,10:29:51,1053.65,50,45500
20231019,10:29:56,1053.65,50,45500
20231019,10:30:02,1055.0,250,45500
20231019,10:30:07,1055.0,150,45500
20231019,10:30:13,1056.0,250,45500
20231019,10:30:20,1055.0,400,45500
20231019,10:30:26,1055.05,100,45500
20231019,10:30:32,1055.05,50,45500
20231019,10:31:08,1055.0,300,45500
20231019,10:31:14,1047.3,50,45500
20231019,10:32:24,1047.1,50,45500
20231019,10:44:55,1039.0,50,45900
20231019,10:55:46,1039.0,250,45950
20231019,10:56:03,1046.0,50,45950
20231019,11:01:10,1043.7,50,45950
20231019,11:04:07,1043.7,50,46000
20231019,11:05:25,1046.0,200,46000
20231019,11:05:30,1046.0,50,46000
20231019,11:07:27,1041.0,50,46000
20231019,11:12:50,1041.65,50,46050
20231019,11:30:19,1077.0,100,46100
20231019,11:33:26,1077.7,50,46200
20231019,11:43:57,1078.0,50,46250
20231019,11:51:17,1078.0,50,46250
20231019,11:55:36,1078.0,100,46300
20231019,11:57:53,1080.3,50,46300
20231019,12:05:57,1080.3,50,46300
20231019,12:15:23,1088.0,50,46350
20231019,12:16:58,1088.0,50,46350
20231019,12:23:48,1083.75,100,46450
20231019,12:23:49,1083.75,50,46450
20231019,12:24:09,1083.75,50,46450
20231019,13:11:38,1075.0,50,46450
20231019,13:13:12,1074.15,50,46500
20231019,13:28:49,1074.5,50,46500
20231019,13:51:26,1077.0,50,46550
20231019,13:57:38,1091.45,50,46600
20231019,14:03:06,1091.45,50,46600
20231019,14:03:41,1096.95,50,46600
20231019,14:03:48,1098.0,100,46600
20231019,14:04:24,1103.0,50,46600
20231019,14:05:20,1104.0,50,46600
20231019,14:30:52,1104.0,50,46650
20231019,14:32:18,1077.0,50,46650
20231019,14:33:47,1075.0,50,46650
20231019,14:40:13,1082.6,50,46650
20231019,14:40:18,1084.05,50,46650
20231019,14:54:00,1080.95,50,46700
20231019,15:09:41,1085.05,150,46700
20231019,15:11:18,1085.0,50,46700
20231019,15:12:07,1085.75,50,46700
20231019,15:14:26,1085.0,100,46600
20231019,15:17:39,1084.0,50,46600
20231019,15:25:00,1066.0,100,46600
20231020,09:25:34,1049.75,1,46600
20231020,09:25:34,1049.75,50,46600
20231020,09:27:45,1049.75,50,46600
20231020,09:27:51,1044.95,50,46650
20231020,09:30:13,1039.0,50,46700
20231020,09:34:40,1039.0,50,46750
20231020,09:37:06,1045.0,50,46700
20231020,09:50:05,1046.55,50,46700
20231020,09:53:26,1045.55,50,46750
20231020,09:55:44,1040.5,50,46800
20231020,09:56:39,1035.05,50,46850
20231020,09:59:24,1035.05,50,46850
20231020,10:02:26,1035.0,50,46950
20231020,10:04:24,1035.0,50,47000
20231020,10:12:36,1045.0,100,47050
20231020,10:43:34,1039.0,100,47050
20231020,10:43:45,1040.0,50,47050
20231020,10:44:25,1041.0,50,47050
20231020,10:44:49,1041.0,150,46900
20231020,11:10:55,1043.0,50,46900
20231020,11:23:43,1041.0,50,46900
20231020,11:26:33,1031.0,100,46900
20231020,11:26:48,1031.0,100,46900
20231020,11:27:06,1027.0,50,46900
20231020,11:27:11,1027.0,50,46900
20231020,11:27:16,1033.55,50,46900
20231020,11:27:31,1043.9,100,46900
20231020,11:27:46,1031.3,50,46900
20231020,11:31:46,1035.1,50,46950
20231020,11:31:51,1035.1,50,46950
20231020,11:38:35,1027.35,50,46950
20231020,11:49:20,1097.35,1050,46950
20231020,11:58:52,1025.1,50,46900
20231020,12:01:41,1025.1,100,46950
20231020,12:02:06,1025.1,50,46950
20231020,12:11:10,1025.1,150,47100
20231020,12:11:17,1025.1,300,47100
20231020,12:11:23,1025.1,100,47100
20231020,12:11:29,1025.1,250,47100
20231020,12:13:17,1025.0,50,47450
20231020,12:22:35,1025.0,50,47450
20231020,12:24:06,1037.0,50,47400
20231020,12:30:55,1026.05,100,47350
20231020,12:30:57,1026.0,50,47350
20231020,12:48:40,1025.0,50,47400
20231020,12:55:41,1021.5,50,47400
20231020,12:57:32,1019.0,50,47450
20231020,12:58:01,1018.0,50,47450
20231020,12:58:12,1016.55,100,47450
20231020,13:06:53,1016.55,50,47650
20231020,13:25:57,1016.55,50,47650
20231020,13:50:05,1007.85,50,47650
20231020,14:01:27,1007.85,100,47700
20231020,14:01:38,1017.15,50,47700
20231020,14:04:48,1016.65,50,47850
20231020,14:04:51,1016.7,50,47850
20231020,15:05:32,1016.45,50,47950
20231020,15:05:38,1019.9,100,47950
20231020,15:05:56,1009.25,50,47950
20231020,15:06:09,1011.15,50,47950
20231020,15:06:14,1019.15,50,47950
20231020,15:06:25,1013.55,50,47900
20231020,15:06:53,1018.7,50,47900
20231020,15:07:10,1010.6,50,47900
20231020,15:16:31,1010.6,50,47900
20231020,15:20:13,1006.75,50,47900
20231020,15:23:42,1006.75,50,47900
20231020,15:26:23,1015.0,100,47900
20231020,15:26:35,1015.0,50,47900
20231020,15:26:38,1015.0,50,47900
20231020,15:27:03,1015.0,100,47900
20231020,15:28:37,1044.3,50,48050
20231020,15:29:30,1011.95,50,48050
20231023,09:21:53,1012.8,1,48050
20231023,09:21:53,1012.8,50,48050
20231023,09:21:59,1012.8,50,48050
20231023,09:23:03,1013.4,50,48050
20231023,09:35:47,1013.4,50,48200
20231023,09:38:31,1003.95,50,48200
20231023,09:45:47,1003.95,100,48200
20231023,09:46:05,1010.0,100,48200
20231023,09:50:23,1006.45,50,48250
20231023,09:52:24,1006.45,50,48300
20231023,09:52:56,999.0,50,48300
20231023,10:01:45,999.0,50,48350
20231023,10:13:19,981.9,50,48400
20231023,10:13:41,980.55,100,48400
20231023,10:13:48,978.9,100,48400
20231023,10:15:19,973.6,50,48500
20231023,10:16:47,972.0,50,48500
20231023,10:22:00,969.0,50,48550
20231023,10:22:25,969.0,100,48550
20231023,10:22:31,976.0,100,48550
20231023,10:23:08,969.0,50,48550
20231023,10:25:17,975.15,50,48600
20231023,10:26:00,975.15,100,48600
20231023,10:26:42,975.0,200,48600
20231023,10:27:37,969.0,50,48700
20231023,10:38:11,965.1,50,48600
20231023,10:41:12,965.1,50,48600
20231023,10:43:57,968.75,100,48600
20231023,10:46:43,970.0,50,48700
20231023,10:48:07,965.0,50,48750
20231023,10:50:40,965.0,50,48750
20231023,10:53:32,965.0,50,48800
20231023,10:57:18,970.0,50,48800
20231023,11:03:07,977.0,100,48800
20231023,11:25:12,965.0,50,48900
20231023,11:42:22,960.0,50,48900
20231023,11:42:27,955.0,50,48900
20231023,11:44:43,953.0,350,48900
20231023,11:44:48,953.0,150,48900
20231023,11:45:09,953.0,100,49000
20231023,11:46:02,953.0,50,49000
20231023,11:46:55,953.0,100,49000
20231023,11:47:08,950.0,50,49000
20231023,11:47:29,950.0,200,49000
20231023,11:48:40,950.0,100,49150
20231023,11:49:48,945.0,350,49150
20231023,11:53:09,950.0,100,49150
20231023,12:01:07,955.85,50,49150
20231023,12:01:32,955.3,50,49150
20231023,12:05:40,950.0,500,49250
20231023,12:14:33,955.0,150,49250
20231023,12:15:31,955.0,100,49250
20231023,12:16:58,955.05,350,49250
20231023,12:17:15,955.0,150,49250
20231023,12:28:13,954.0,100,49000
20231023,12:28:23,955.0,50,49000
20231023,12:35:20,946.7,50,49000
20231023,12:36:59,946.7,100,49050
20231023,12:37:17,945.0,100,49050
20231023,12:41:12,938.25,100,49250
20231023,12:47:11,938.25,50,49300
20231023,13:03:26,941.25,200,49300
20231023,13:04:56,944.7,50,49300
20231023,13:09:56,938.25,50,49500
20231023,13:10:03,938.0,100,49500
20231023,13:15:02,933.55,50,49500
20231023,13:15:14,933.55,200,49500
20231023,13:15:40,936.85,50,49500
20231023,13:15:53,944.2,50,49500
20231023,13:16:11,936.4,50,49500
20231023,13:16:46,939.5,50,49500
20231023,13:16:58,944.2,50,49500
20231023,13:17:27,938.85,50,49500
20231023,13:18:33,941.8,100,49550
20231023,13:18:45,944.0,50,49550
20231023,13:19:03,941.85,50,49550
20231023,13:19:20,946.0,200,49550
20231023,13:19:26,946.4,50,49550
20231023,13:19:39,947.05,100,49550
20231023,13:19:51,945.35,50,49550
20231023,13:20:13,947.0,150,49550
20231023,13:20:18,947.0,50,49550
20231023,13:22:55,943.05,100,49950
20231023,13:23:07,943.05,100,49950
20231023,13:23:43,940.0,150,49950
20231023,13:28:44,938.0,50,49950
20231023,13:29:34,936.0,350,50050
20231023,13:31:55,931.95,50,50350
20231023,13:35:28,929.55,50,50400
20231023,13:39:57,929.55,150,50450
20231023,13:40:02,940.0,150,50450
20231023,13:40:03,940.0,200,50450
20231023,13:41:11,940.0,250,50450
20231023,13:41:12,940.0,250,50450
20231023,13:44:52,930.0,450,50150
20231023,13:44:58,930.0,150,50150
20231023,13:45:49,929.0,50,50450
20231023,13:46:08,929.0,100,50450
20231023,13:46:15,930.0,450,50450
20231023,13:47:36,934.7,50,50450
20231023,13:55:47,941.0,100,50600
20231023,13:56:20,937.05,100,50600
20231023,13:56:32,934.85,100,50600
20231023,14:04:20,930.0,150,50650
20231023,14:04:54,927.5,50,50650
20231023,14:06:41,927.5,50,50750
20231023,14:09:35,938.95,50,50800
20231023,14:09:53,938.6,50,50800
20231023,14:10:05,937.25,50,50800
20231023,14:10:10,937.25,50,50800
20231023,14:10:21,937.0,50,50800
20231023,14:10:27,939.0,50,50800
20231023,14:10:33,939.0,50,50800
20231023,14:10:56,937.85,50,50800
20231023,14:11:01,937.95,50,50800
20231023,14:11:53,942.0,50,50800
20231023,14:12:09,937.2,50,50800
20231023,14:31:55,922.95,100,51300
20231023,14:34:18,922.95,50,51400
20231023,14:36:00,922.95,50,51400
20231023,14:36:06,924.65,50,51400
20231023,14:36:18,924.75,50,51400
20231023,14:36:24,924.75,100,51550
20231023,14:36:30,924.55,50,51550
20231023,14:38:39,920.15,50,51550
20231023,14:38:59,920.0,50,51550
20231023,14:39:42,917.4,50,51800
20231023,14:41:16,917.4,200,51800
20231023,14:42:12,919.7,50,51800
20231023,14:42:26,923.4,350,52100
20231023,14:43:08,918.7,50,52100
20231023,14:43:17,916.2,50,52100
20231023,14:45:37,912.05,50,52350
20231023,14:46:08,912.05,50,52350
20231023,14:46:14,916.35,50,52350
20231023,14:46:16,914.25,50,52350
20231023,14:46:19,914.25,100,52350
20231023,14:46:21,912.9,50,52350
20231023,14:46:23,912.85,50,52350
20231023,14:46:31,914.4,50,52350
20231023,14:46:32,914.4,50,52350
20231023,14:46:36,914.55,50,52350
20231023,14:46:38,914.5,100,52350
20231023,14:46:42,918.0,50,52350
20231023,14:46:43,916.25,50,52350
20231023,14:46:44,917.55,50,52350
20231023,14:46:45,917.7,50,52350
20231023,14:46:47,915.8,50,52350
20231023,14:46:48,917.65,50,52350
20231023,14:46:49,916.85,50,52350
20231023,14:46:55,915.4,100,52350
20231023,14:47:07,914.3,200,52350
20231023,14:47:14,916.15,50,52350
20231023,14:47:20,916.65,150,52350
20231023,14:47:26,917.05,50,52350
20231023,14:47:33,914.0,150,52350
20231023,14:47:39,914.0,50,52350
20231023,14:47:45,916.45,300,52350
20231023,14:47:51,915.0,50,52350
20231023,14:47:57,914.2,100,52350
20231023,14:48:03,912.5,150,52350
20231023,14:48:09,913.05,100,52350
20231023,14:48:15,914.0,150,52350
20231023,14:48:21,913.9,150,54850
20231023,14:48:28,910.0,100,54850
20231023,14:48:40,910.0,50,54850
20231023,14:49:50,914.35,100,54850
20231023,14:50:58,906.0,50,54850
20231023,14:54:05,900.0,50,55050
20231023,14:55:06,900.0,250,55100
20231023,14:55:54,900.0,100,55100
20231023,14:58:23,895.75,150,55250
20231023,14:59:16,889.9,100,55250
20231023,14:59:59,888.1,50,55250
20231023,15:00:06,887.3,50,55250
20231023,15:00:45,885.0,50,55450
20231023,15:00:52,885.0,50,55450
20231023,15:00:59,873.75,50,55450
20231023,15:01:05,873.75,50,55450
20231023,15:02:57,870.0,100,55450
20231023,15:03:20,870.0,50,55450
20231023,15:03:49,860.0,350,55750
20231023,15:03:56,860.0,250,55750
20231023,15:06:14,860.0,50,55750
20231023,15:06:21,882.75,50,55750
20231023,15:11:32,870.0,50,56150
20231023,15:11:52,865.0,50,56150
20231023,15:12:06,865.0,100,56150
20231023,15:13:29,865.0,100,56300
20231023,15:14:27,859.25,50,56300
20231023,15:16:03,859.25,150,56300
20231023,15:18:49,859.0,50,56150
20231023,15:18:55,859.0,50,56150
20231023,15:19:02,858.0,150,56150
20231023,15:19:15,858.0,50,56150
20231023,15:19:21,858.0,300,56150
20231023,15:19:28,860.0,400,56150
20231023,15:19:34,861.0,250,56150
20231023,15:20:13,861.0,150,56150
20231023,15:20:20,863.0,50,56150
20231023,15:20:40,863.0,50,56150
20231023,15:20:53,860.0,50,56150
20231023,15:22:12,859.9,50,56250
20231023,15:22:19,860.0,350,56250
20231023,15:22:25,861.0,50,56250
20231023,15:22:31,862.25,300,56250
20231023,15:23:11,860.25,100,56250
20231023,15:23:12,859.95,50,56250
20231023,15:23:13,860.5,50,56250
20231023,15:24:09,846.05,50,56250
20231023,15:24:16,846.05,100,56250
20231023,15:24:22,832.05,150,56250
20231023,15:25:01,859.95,50,56500
20231023,15:25:04,861.15,50,56500
20231023,15:25:21,862.25,50,56500
20231023,15:25:41,863.4,150,56500
20231023,15:25:52,859.8,50,56500
20231023,15:26:29,852.0,50,56500
20231023,15:26:35,850.0,150,56500
20231023,15:27:53,852.75,50,56650
20231023,15:28:46,855.0,50,56650
20231023,15:29:24,853.0,50,56650
20231023,15:29:37,845.0,100,56650
20231025,09:15:44,881.85,1,56350
20231025,09:15:44,881.85,50,56350
20231025,09:16:10,882.1,50,56350
20231025,09:16:21,883.35,150,56350
20231025,09:17:21,871.0,50,56350
20231025,09:17:53,880.0,50,56200
20231025,09:18:21,888.0,150,56200
20231025,09:18:54,888.95,50,56200
20231025,09:20:40,888.95,100,56100
20231025,09:20:59,887.0,100,56100
20231025,09:21:18,878.5,50,56100
20231025,09:22:17,873.8,100,56100
20231025,09:22:23,878.0,50,56100
20231025,09:23:15,873.65,100,56100
20231025,09:23:22,878.0,100,56100
20231025,09:24:14,873.65,50,56150
20231025,09:25:56,872.65,100,56150
20231025,09:27:26,850.0,50,56050
20231025,09:27:33,850.0,100,56050
20231025,09:27:40,859.3,50,56050
20231025,09:28:07,860.0,50,56050
20231025,09:29:34,857.15,50,56100
20231025,09:29:40,860.0,50,56100
20231025,09:31:49,870.0,50,56100
20231025,09:36:46,609.0,50,56150
20231025,09:41:37,609.0,50,56150
20231025,09:42:10,867.7,50,56100
20231025,09:42:22,875.0,50,56100
20231025,09:42:36,878.6,50,56100
20231025,09:42:43,879.0,100,56100
20231025,09:43:03,872.85,50,56100
20231025,09:43:17,880.25,50,56100
20231025,09:43:36,875.5,100,56100
20231025,09:43:50,850.0,100,56100
20231025,09:44:16,881.8,50,56100
20231025,09:45:01,884.95,100,56050
20231025,09:45:14,884.95,100,56050
20231025,09:45:33,880.0,50,56050
20231025,09:46:05,880.0,50,56050
20231025,09:46:24,880.0,100,56050
20231025,09:47:14,879.95,100,56050
20231025,09:47:33,880.0,50,56050
20231025,09:47:46,880.0,100,56200
20231025,09:48:17,880.0,50,56200
20231025,09:48:35,879.7,50,56200
20231025,09:48:59,880.0,100,56200
20231025,09:49:05,880.0,400,56200
20231025,09:49:23,885.0,100,56200
20231025,09:50:16,882.65,100,56200
20231025,09:50:23,882.7,100,56200
20231025,09:50:48,870.0,300,56450
20231025,09:51:13,889.0,50,56450
20231025,09:51:20,889.0,50,56450
20231025,09:52:19,882.15,50,56450
20231025,09:52:32,889.0,100,56450
20231025,09:54:13,889.0,50,56550
20231025,09:54:32,885.0,50,56550
20231025,09:55:25,889.0,350,56550
20231025,09:55:52,890.0,50,56550
20231025,09:56:40,890.0,100,56600
20231025,09:57:27,885.6,50,56600
20231025,09:57:38,885.55,50,56600
20231025,09:57:49,885.75,50,56600
20231025,09:57:55,885.75,50,56600
20231025,09:59:28,885.75,50,56600
20231025,10:03:39,873.8,50,56600
20231025,10:04:06,878.95,50,56600
20231025,10:04:49,872.25,50,56600
20231025,10:06:24,868.85,50,56700
20231025,10:06:31,870.15,100,56700
20231025,10:07:35,870.0,50,56700
20231025,10:09:55,870.0,50,56600
20231025,10:10:33,869.95,100,56600
20231025,10:11:31,875.0,50,56600
20231025,10:12:56,875.0,50,56600
20231025,10:13:47,880.0,200,56600
20231025,10:15:04,880.4,50,56550
20231025,10:18:02,898.45,500,56500
20231025,10:25:46,898.45,50,56600
20231025,10:34:06,875.0,50,56600
20231025,10:34:24,870.0,50,56600
20231025,10:37:22,870.0,50,56700
20231025,10:37:47,870.0,100,56700
20231025,10:39:29,870.0,50,56700
20231025,10:42:50,865.0,50,56700
20231025,10:43:41,869.0,200,56700
20231025,10:45:27,865.0,50,56700
20231025,10:45:29,865.0,50,56700
20231025,10:46:29,865.0,50,56700
20231025,10:46:39,865.0,50,56700
20231025,10:48:06,861.35,150,56850
20231025,10:49:19,865.0,50,56850
20231025,10:50:05,859.0,350,56850
20231025,10:51:43,863.0,50,57100
20231025,10:51:47,862.95,50,57100
20231025,10:51:48,863.0,100,57100
20231025,10:52:03,865.0,200,57100
20231025,10:57:25,865.0,50,57000
20231025,10:58:35,859.2,100,57000
20231025,11:07:36,860.0,50,56900
20231025,11:07:37,860.0,100,56900
20231025,11:09:24,856.1,50,56900
20231025,11:10:41,866.0,100,56900
20231025,11:10:47,866.0,100,56900
20231025,11:11:11,866.1,50,56900
20231025,11:13:18,855.4,50,57000
20231025,11:13:41,862.8,50,57000
20231025,11:21:41,853.3,150,57000
20231025,11:26:42,853.95,100,57150
20231025,11:27:34,853.5,50,57250
20231025,11:27:41,852.0,50,57250
20231025,11:27:48,850.0,50,57250
20231025,11:30:13,847.9,50,57400
20231025,11:31:30,849.95,100,57400
20231025,11:46:05,833.25,50,57450
20231025,11:47:23,838.1,50,57450
20231025,11:47:26,838.1,50,57450
20231025,11:47:32,840.0,50,57450
20231025,11:47:37,840.0,100,57450
20231025,11:48:26,840.0,250,57550
20231025,11:57:02,840.05,50,57550
20231025,11:57:42,848.0,50,57700
20231025,11:59:41,837.9,50,57700
20231025,12:00:27,849.95,50,57700
20231025,12:06:52,835.0,250,57750
20231025,12:07:10,835.0,50,57750
20231025,12:08:42,835.0,50,57750
20231025,12:09:56,835.0,100,58000
20231025,12:10:39,835.0,50,58000
20231025,12:10:51,835.0,50,58000
20231025,12:14:24,829.55,150,58150
20231025,12:14:52,831.1,50,58150
20231025,12:15:10,835.0,50,58250
20231025,12:17:04,832.0,50,58250
20231025,12:17:50,832.0,50,58250
20231025,12:19:28,830.0,50,58300
20231025,12:19:46,830.1,50,58300
20231025,12:21:05,832.5,50,58300
20231025,12:23:13,831.0,50,58300
20231025,12:26:38,831.0,50,58300
20231025,12:28:44,831.0,100,58300
20231025,12:29:46,831.0,200,58300
20231025,12:29:53,831.0,100,58300
20231025,12:30:00,831.0,200,58300
20231025,12:30:13,831.0,300,58200
20231025,12:31:23,816.8,50,58200
20231025,12:31:57,815.95,150,58200
20231025,12:32:04,816.0,250,58200
20231025,12:33:46,810.0,50,58450
20231025,12:34:00,812.5,100,58450
20231025,12:35:34,810.0,250,58450
20231025,12:40:58,812.0,50,58850
20231025,12:41:25,810.75,50,58850
20231025,12:41:27,809.5,200,58850
20231025,12:41:30,809.0,50,58850
20231025,12:41:32,809.05,50,58850
20231025,12:41:34,808.45,50,58850
20231025,12:43:49,801.0,100,59200
20231025,12:43:56,802.2,50,59200
20231025,12:44:03,800.0,100,59200
20231025,12:44:18,799.0,50,59200
20231025,12:44:32,798.4,50,59200
20231025,12:44:39,798.05,100,59200
20231025,12:45:01,790.0,400,59700
20231025,12:45:09,790.0,150,59700
20231025,12:46:13,800.0,50,59700
20231025,12:47:23,788.25,50,59700
20231025,12:48:17,787.85,50,60050
20231025,12:49:33,796.3,50,60050
20231025,12:49:39,798.4,50,60050
20231025,12:51:22,788.4,50,60100
20231025,12:51:36,788.4,100,60100
20231025,12:52:37,790.0,50,60100
20231025,12:52:44,788.95,150,60100
20231025,12:52:51,788.0,50,60100
20231025,12:53:06,777.2,50,60100
20231025,12:53:49,775.2,50,60100
20231025,12:53:57,775.15,50,60100
20231025,12:54:19,766.55,150,60350
20231025,12:54:27,766.35,50,60350
20231025,12:57:06,765.3,50,60350
20231025,12:59:16,763.95,50,60600
20231025,12:59:30,770.0,200,60600
20231025,12:59:36,770.0,50,60600
20231025,13:00:36,770.0,50,60800
20231025,13:01:31,760.0,250,60800
20231025,13:02:38,761.4,100,60800
20231025,13:02:51,765.2,50,60800
20231025,13:04:19,774.9,50,60950
20231025,13:06:20,775.0,50,61000
20231025,13:09:39,776.0,250,61050
20231025,13:09:46,779.4,100,61050
20231025,13:09:52,779.5,100,61050
20231025,13:11:23,784.35,150,61050
20231025,13:11:50,780.05,50,61050
20231025,13:12:17,782.2,50,60700
20231025,13:12:43,781.1,50,60700
20231025,13:13:09,783.7,150,60700
20231025,13:13:15,780.0,50,60700
20231025,13:13:21,780.0,100,60700
20231025,13:13:28,782.1,150,60700
20231025,13:13:34,782.15,100,60700
20231025,13:13:41,783.9,100,60700
20231025,13:13:48,780.5,50,60700
20231025,13:14:01,778.9,100,60700
20231025,13:14:08,777.3,150,60700
20231025,13:14:15,777.3,50,60700
20231025,13:14:22,774.85,100,60700
20231025,13:14:29,781.1,350,60700
20231025,13:14:36,776.25,250,60700
20231025,13:14:43,775.65,150,60700
20231025,13:14:50,775.35,200,60700
20231025,13:16:08,772.75,50,62450
20231025,13:16:41,702.65,100,62450
20231025,13:17:09,779.7,100,62450
20231025,13:17:24,787.9,50,62450
20231025,13:17:31,786.95,50,62450
20231025,13:17:38,784.7,50,62450
20231025,13:18:20,777.0,250,62500
20231025,13:18:42,784.7,50,62500
20231025,13:19:11,783.15,50,62500
20231025,13:20:08,792.95,50,62500
20231025,13:20:43,792.95,500,62500
20231025,13:21:52,788.95,50,62850
20231025,13:23:05,780.0,250,62850
20231025,13:26:55,790.95,100,62850
20231025,13:28:59,790.0,50,62850
20231025,13:31:32,795.0,200,62850
20231025,13:32:06,792.0,50,62850
20231025,13:35:57,778.75,50,62650
20231025,13:36:04,778.35,50,62650
20231025,13:36:44,777.85,150,62750
20231025,13:37:23,780.0,50,62750
20231025,13:38:01,790.0,100,62750
20231025,13:38:14,748.85,100,62750
20231025,13:41:40,784.35,50,62950
20231025,13:41:47,784.05,100,62950
20231025,13:41:54,783.2,100,62950
20231025,13:42:00,783.35,100,62950
20231025,13:42:06,782.1,100,62950
20231025,13:42:13,780.0,150,63400
20231025,13:42:19,780.8,250,63400
20231025,13:42:25,782.5,300,63400
20231025,13:42:31,780.1,150,63400
20231025,13:42:38,780.95,150,63400
20231025,13:42:44,781.55,100,63400
20231025,13:42:50,775.7,150,63400
20231025,13:42:57,775.3,300,63400
20231025,13:43:04,774.05,200,63400
20231025,13:43:11,776.85,400,63400
20231025,13:43:17,773.2,200,63400
20231025,13:43:24,773.55,150,63400
20231025,13:43:30,776.5,600,63400
20231025,13:43:37,772.65,300,63400
20231025,13:43:43,779.25,50,63400
20231025,13:43:50,772.25,50,63400
20231025,13:43:56,772.25,100,63400
20231025,13:44:16,772.35,150,63400
20231025,13:44:22,771.25,150,63400
20231025,13:44:36,770.25,100,63400
20231025,13:44:42,771.4,150,63400
20231025,13:44:49,771.75,50,63400
20231025,13:44:55,771.95,150,63400
20231025,13:45:08,777.65,100,63400
20231025,13:45:28,777.7,50,67700
20231025,13:45:41,777.7,200,67700
20231025,13:45:54,779.15,50,67700
20231025,13:46:13,780.35,50,67700
20231025,13:46:20,783.0,50,67700
20231025,13:46:26,772.8,100,67700
20231025,13:46:39,781.5,50,67700
20231025,13:47:04,783.75,100,67700
20231025,13:47:47,773.8,100,67700
20231025,13:47:53,772.0,100,67700
20231025,13:49:21,775.9,150,67900
20231025,13:49:29,700.15,150,67900
20231025,13:50:51,778.85,150,67900
20231025,13:51:24,763.95,100,68250
20231025,13:53:11,777.0,50,68250
20231025,13:53:32,777.0,50,68250
20231025,13:53:57,777.0,50,68250
20231025,13:56:23,784.0,50,68350
20231025,13:57:42,790.1,50,68350
20231025,13:58:58,788.95,50,68350
20231025,13:59:12,790.0,100,68350
20231025,14:00:01,790.55,100,68350
20231025,14:00:35,795.0,100,68350
20231025,14:04:07,790.0,50,68350
20231025,14:06:20,792.0,100,68400
20231025,14:06:59,796.0,150,68400
20231025,14:07:05,799.2,700,68400
20231025,14:08:55,795.7,50,68400
20231025,14:13:17,790.25,50,68800
20231025,14:13:24,800.0,100,68800
20231025,14:15:48,800.0,650,68900
20231025,14:16:23,801.05,50,68900
20231025,14:16:43,808.35,100,68900
20231025,14:19:22,795.0,50,68450
20231025,14:19:35,795.0,50,68450
20231025,14:21:06,795.0,50,68450
20231025,14:21:58,792.0,50,68600
20231025,14:22:29,795.0,50,68600
20231025,14:24:33,780.3,150,68650
20231025,14:26:01,780.3,50,68650
20231025,14:27:43,781.0,50,68750
20231025,14:28:03,778.2,50,68750
20231025,14:28:09,778.2,50,68750
20231025,14:30:50,792.05,100,68800
20231025,14:30:51,792.05,100,68800
20231025,14:30:52,792.0,50,68800
20231025,14:31:10,793.05,50,68800
20231025,14:31:50,785.0,50,68800
20231025,14:32:08,782.9,50,68800
20231025,14:33:04,781.15,50,68800
20231025,14:33:34,781.0,100,68800
20231025,14:33:40,781.0,50,69050
20231025,14:33:46,781.0,50,69050
20231025,14:33:58,780.4,50,69050
20231025,14:35:47,785.0,50,69050
20231025,14:36:00,784.7,50,69050
20231025,14:36:32,779.0,50,69100
20231025,14:38:20,772.4,100,69100
20231025,14:39:25,776.05,200,69150
20231025,14:39:57,776.05,100,69150
20231025,14:40:09,774.5,50,69150
20231025,14:40:27,774.85,50,69150
20231025,14:40:40,777.0,100,69150
20231025,14:40:46,779.0,50,69150
20231025,14:43:20,780.5,50,69350
20231025,14:44:58,782.0,100,69350
20231025,14:45:59,789.35,50,69400
20231025,14:47:19,792.15,50,69400
20231025,14:53:47,794.45,100,69400
20231025,14:53:53,790.0,150,69400
20231025,14:54:26,796.4,50,69300
20231025,14:55:03,795.5,50,69300
20231025,14:56:21,790.35,100,69300
20231025,15:00:28,782.85,50,69350
20231025,15:01:00,782.05,50,69350
20231025,15:03:13,787.0,50,69350
20231025,15:04:24,785.9,100,69350
20231025,15:04:29,786.15,200,69350
20231025,15:04:33,785.2,100,69350
20231025,15:04:36,786.2,200,69350
20231025,15:04:47,782.0,100,69350
20231025,15:05:10,782.0,50,69350
20231025,15:05:17,786.0,50,69350
20231025,15:06:28,785.6,200,69500
20231025,15:06:30,783.9,50,69500
20231025,15:06:52,780.0,50,69500
20231025,15:06:55,780.0,100,69500
20231025,15:06:56,780.0,50,69500
20231025,15:08:29,775.0,100,69500
20231025,15:08:49,776.0,100,69500
20231025,15:09:15,778.0,100,69500
20231025,15:10:22,775.0,100,69900
20231025,15:12:45,779.0,50,69900
20231025,15:12:49,779.95,50,69900
20231025,15:17:00,770.5,50,70000
20231025,15:17:50,771.0,50,70000
20231025,15:18:30,772.05,50,70000
20231025,15:19:05,772.0,400,70000
20231025,15:20:39,769.95,50,70000
20231025,15:20:45,769.95,50,70000
20231025,15:20:59,770.0,150,70000
20231025,15:22:20,769.0,50,70050
20231025,15:24:32,769.8,600,70100
20231025,15:25:45,769.0,200,70100
20231025,15:26:05,770.0,500,70100
20231025,15:26:18,770.0,100,70100
20231025,15:27:03,770.0,500,70100
20231025,15:27:29,770.0,300,71250
20231025,15:28:36,770.0,200,71250
20231025,15:29:35,770.0,200,71250
20231026,09:15:04,760.0,1,71100
20231026,09:15:04,760.0,50,71100
20231026,09:16:53,724.75,100,71100
20231026,09:17:07,705.6,100,71100
20231026,09:18:08,705.6,50,71200
20231026,09:18:28,718.8,50,71200
20231026,09:18:42,704.95,350,71200
20231026,09:19:20,690.35,100,71200
20231026,09:19:53,690.35,150,71200
20231026,09:20:07,690.4,150,71200
20231026,09:20:50,710.9,200,71600
20231026,09:21:34,699.6,50,71600
20231026,09:21:41,707.7,150,71600
20231026,09:21:56,709.85,50,71600
20231026,09:22:03,712.35,100,71600
20231026,09:22:11,710.6,50,71600
20231026,09:22:18,710.25,50,71600
20231026,09:22:26,709.0,50,71600
20231026,09:23:17,701.65,100,71600
20231026,09:23:38,697.4,50,71600
20231026,09:23:46,708.0,50,71600
20231026,09:24:44,700.0,50,72050
20231026,09:25:06,700.05,150,72050
20231026,09:25:36,710.75,50,72050
20231026,09:26:13,711.0,50,72050
20231026,09:27:26,711.0,50,72200
20231026,09:27:32,712.0,100,72200
20231026,09:27:54,707.0,50,72200
20231026,09:30:32,710.95,50,72300
20231026,09:30:46,705.85,50,72300
20231026,09:31:49,703.0,150,72300
20231026,09:31:56,695.0,100,72300
20231026,09:32:10,703.0,50,72300
20231026,09:32:17,703.0,50,72300
20231026,09:32:38,705.8,50,72300
20231026,09:33:07,700.0,50,72550
20231026,09:33:43,701.0,150,72550
20231026,09:33:50,701.0,350,72550
20231026,09:34:11,705.0,50,72550
20231026,09:35:00,705.0,50,72550
20231026,09:35:14,707.4,50,72550
20231026,09:35:43,710.0,50,72550
20231026,09:35:50,711.0,150,73050
20231026,09:35:57,711.0,50,73050
20231026,09:36:11,713.7,50,73050
20231026,09:36:25,711.0,50,73050
20231026,09:41:11,701.0,50,72900
20231026,09:41:48,701.0,50,72900
20231026,09:42:17,701.0,100,73000
20231026,09:43:32,717.95,100,73000
20231026,09:44:38,701.0,100,73000
20231026,09:45:53,701.0,250,73000
20231026,09:46:00,701.0,50,73000
20231026,09:46:08,701.0,100,73000
20231026,09:46:31,701.6,50,73000
20231026,09:46:47,701.0,100,73000
20231026,09:47:02,702.3,50,73000
20231026,09:47:09,703.0,100,73000
20231026,09:47:24,701.0,50,73000
20231026,09:50:24,701.5,50,73200
20231026,09:52:39,702.0,300,73250
20231026,09:54:11,702.0,50,73250
20231026,09:54:25,702.0,50,73250
20231026,09:55:07,705.7,100,73250
20231026,09:55:14,702.0,50,73250
20231026,09:55:21,702.0,100,73250
20231026,09:55:28,701.0,500,73250
20231026,09:55:55,700.0,350,73250
20231026,09:56:45,700.0,100,73250
20231026,09:57:47,700.0,50,73850
20231026,09:57:54,698.65,100,73850
20231026,09:58:07,700.0,100,73850
20231026,09:58:29,698.65,100,73850
20231026,10:00:28,698.65,50,74100
20231026,10:01:05,699.0,50,74100
20231026,10:01:48,699.0,50,74100
20231026,10:02:26,700.0,50,74100
20231026,10:03:52,700.0,50,74200
20231026,10:04:21,698.65,50,74200
20231026,10:04:42,700.0,50,74200
20231026,10:06:28,700.0,50,74250
20231026,10:09:01,700.0,100,74250
20231026,10:09:57,700.05,100,74250
20231026,10:10:17,700.05,50,74250
20231026,10:11:31,705.0,50,74250
20231026,10:11:37,700.55,50,74250
20231026,10:12:53,698.65,450,74250
20231026,10:13:00,698.65,200,74300
20231026,10:13:08,698.65,650,74300
20231026,10:13:31,698.65,450,74300
20231026,10:13:38,695.0,100,74300
20231026,10:14:52,690.3,50,74300
20231026,10:15:51,689.95,50,75800
20231026,10:16:27,685.25,50,75800
20231026,10:18:13,685.25,150,75800
20231026,10:20:26,690.25,50,75800
20231026,10:20:31,700.0,100,75800
20231026,10:21:06,688.85,50,75800
20231026,10:21:46,687.15,50,75800
20231026,10:22:36,680.0,50,75800
20231026,10:23:32,680.0,50,75800
20231026,10:23:45,680.0,50,75800
20231026,10:24:48,678.0,50,75950
20231026,10:25:23,678.0,50,75950
20231026,10:25:30,688.95,50,75950
20231026,10:25:37,688.8,50,75950
20231026,10:26:48,674.15,500,75950
20231026,10:27:02,674.15,250,76050
20231026,10:27:15,676.45,250,76050
20231026,10:27:22,687.9,50,76050
20231026,10:27:57,686.35,100,76050
20231026,10:28:44,680.35,50,76050
20231026,10:29:58,688.1,50,76100
20231026,10:31:22,690.0,100,76100
20231026,10:41:52,689.7,50,76150
20231026,10:42:12,688.05,50,76150
20231026,10:42:19,690.4,50,76150
20231026,10:42:31,690.25,50,76150
20231026,10:43:58,690.25,50,76150
20231026,10:44:05,694.0,50,76150
20231026,10:44:25,690.6,50,76150
20231026,10:45:32,688.0,50,76350
20231026,10:45:58,688.0,50,76350
20231026,10:46:31,687.55,50,76350
20231026,10:48:09,687.5,100,76400
20231026,10:49:30,687.5,100,76400
20231026,10:49:34,687.55,100,76400
20231026,10:50:18,693.0,50,76400
20231026,10:52:19,686.3,50,76450
20231026,10:54:28,688.0,50,76450
20231026,10:54:35,688.05,50,76450
20231026,10:55:07,688.05,50,76450
20231026,10:56:45,691.95,100,76450
20231026,10:56:59,686.0,100,76450
20231026,10:58:24,692.0,100,76500
20231026,10:58:38,678.05,100,76500
20231026,10:59:37,678.55,50,76500
20231026,11:00:03,678.55,50,76550
20231026,11:00:31,684.85,50,76550
20231026,11:00:45,684.8,50,76550
20231026,11:01:00,677.65,100,76550
20231026,11:01:14,677.05,150,76550
20231026,11:08:23,685.8,50,76500
20231026,11:09:18,681.2,50,76500
20231026,11:10:25,678.7,50,76500
20231026,11:10:32,679.85,50,76500
20231026,11:11:05,685.5,50,76500
20231026,11:11:11,679.55,50,76500
20231026,11:11:46,679.35,50,76500
20231026,11:13:02,677.5,50,76700
20231026,11:14:20,683.25,50,76700
20231026,11:14:27,682.5,50,76700
20231026,11:14:54,680.0,50,76700
20231026,11:17:18,682.75,100,76800
20231026,11:20:33,677.05,50,76800
20231026,11:22:01,677.1,50,76800
20231026,11:22:56,684.3,50,76800
20231026,11:31:14,682.0,100,76800
20231026,11:31:20,682.0,50,76800
20231026,11:31:41,680.0,50,76800
20231026,11:32:49,680.0,100,76800
20231026,11:33:32,680.0,50,76800
20231026,11:34:19,679.95,50,76800
20231026,11:35:12,668.5,150,76800
20231026,11:35:24,668.5,50,76800
20231026,11:35:37,674.35,200,76800
20231026,11:40:05,674.35,400,77050
20231026,11:40:57,675.0,50,77050
20231026,11:41:03,670.0,100,77050
20231026,11:41:15,676.0,50,77050
20231026,11:41:47,674.15,50,77050
20231026,11:42:23,678.0,50,77050
20231026,11:42:43,679.0,50,77250
20231026,11:49:52,689.6,50,77250
20231026,11:50:40,680.0,100,77250
20231026,11:52:08,680.0,50,77250
20231026,11:52:15,682.0,100,77250
20231026,11:53:40,682.0,100,77250
20231026,11:54:13,681.0,50,77250
20231026,11:54:27,681.75,150,77250
20231026,11:54:53,688.25,50,77250
20231026,11:55:13,682.0,50,77250
20231026,11:55:58,681.2,150,77250
20231026,11:56:51,680.25,100,77250
20231026,11:57:15,681.65,50,77250
20231026,11:58:14,682.15,50,77250
20231026,11:58:49,682.15,50,77250
20231026,11:59:49,680.15,200,77250
20231026,12:00:16,680.15,200,77450
20231026,12:00:33,680.15,200,77450
20231026,12:00:40,680.15,200,77450
20231026,12:00:59,680.15,200,77450
20231026,12:01:13,680.15,100,77450
20231026,12:01:24,680.15,100,77450
20231026,12:03:12,680.15,800,78450
20231026,12:03:26,680.15,100,78450
20231026,12:04:24,680.2,100,78450
20231026,12:04:31,682.0,150,78450
20231026,12:05:04,680.15,150,78450
20231026,12:05:11,680.15,150,78450
20231026,12:06:18,680.15,1100,79700
20231026,12:06:52,680.15,100,79700
20231026,12:06:59,680.15,600,79700
20231026,12:07:06,680.15,1250,79700
20231026,12:09:17,672.15,100,82500
20231026,12:10:42,672.1,150,82500
20231026,12:11:06,672.65,100,82500
20231026,12:11:31,672.15,150,82500
20231026,12:12:21,672.1,100,82750
20231026,12:12:34,672.3,50,82750
20231026,12:14:56,672.1,200,82750
20231026,12:17:56,674.0,50,83100
20231026,12:18:25,675.0,100,83150
20231026,12:23:13,687.95,50,83150
20231026,12:26:13,675.0,100,83150
20231026,12:26:54,676.0,50,83150
20231026,12:27:01,675.0,50,83150
20231026,12:27:40,677.0,50,83300
20231026,12:28:54,673.0,100,83300
20231026,12:30:47,675.65,50,83400
20231026,12:31:13,675.65,50,83400
20231026,12:35:20,675.65,500,83500
20231026,12:45:25,672.1,50,83850
20231026,12:48:16,672.3,50,83850
20231026,12:49:25,672.1,750,83950
20231026,12:49:31,672.1,550,83950
20231026,12:55:18,672.35,50,85100
20231026,12:55:36,672.4,50,85100
20231026,12:56:37,672.4,100,85100
20231026,13:00:38,677.0,50,85250
20231026,13:02:19,679.95,50,85250
20231026,13:03:01,680.0,50,85250
20231026,13:05:04,680.9,50,85250
20231026,13:08:08,680.0,50,85250
20231026,13:13:28,679.65,50,85300
20231026,13:14:42,679.45,100,85300
20231026,13:14:43,679.75,50,85300
20231026,13:14:44,679.1,100,85300
20231026,13:15:14,675.9,50,85300
20231026,13:17:15,676.9,50,85300
20231026,13:18:32,675.0,50,85400
20231026,13:20:29,675.0,50,85400
20231026,13:21:47,675.0,50,85400
20231026,13:22:38,684.0,100,85400
20231026,13:23:59,672.45,100,85400
20231026,13:24:26,672.4,150,85400
20231026,13:24:41,672.75,50,85400
20231026,13:26:22,663.0,100,85400
20231026,13:27:19,670.3,50,85400
20231026,13:28:16,660.9,50,85600
20231026,13:28:59,656.3,100,85600
20231026,13:29:14,656.3,50,85600
20231026,13:30:01,659.75,50,85600
20231026,13:30:29,659.75,50,85650
20231026,13:30:51,659.75,50,85650
20231026,13:32:11,650.0,100,85650
20231026,13:32:39,650.0,50,85650
20231026,13:33:07,660.0,100,85650
20231026,13:33:21,660.0,200,85650
20231026,13:34:02,662.0,750,85800
20231026,13:34:22,661.95,350,85800
20231026,13:34:36,662.0,350,85800
20231026,13:37:54,663.05,50,85650
20231026,13:43:49,669.85,50,85650
20231026,13:46:33,658.0,50,85650
20231026,13:47:05,658.05,50,85650
20231026,13:50:13,660.0,50,85650
20231026,13:50:40,658.25,50,85650
20231026,13:52:22,658.25,50,85650
20231026,13:55:11,658.2,50,85650
20231026,13:55:27,658.25,200,85650
20231026,13:55:33,660.0,50,85650
20231026,13:59:45,659.85,50,85650
20231026,13:59:58,660.05,100,85650
20231026,14:00:05,660.05,100,85650
20231026,14:00:11,660.0,50,85650
20231026,14:02:00,660.0,50,85550
20231026,14:04:16,658.15,50,85550
20231026,14:05:32,658.0,50,85550
20231026,14:10:20,653.5,100,85550
20231026,14:10:38,657.3,50,85550
20231026,14:13:10,660.0,100,85650
20231026,14:13:16,661.0,300,85650
20231026,14:14:02,657.85,200,85650
20231026,14:18:33,654.5,50,85900
20231026,14:18:47,650.6,50,85900
20231026,14:19:00,653.75,50,85900
20231026,14:20:53,645.05,50,85900
20231026,14:21:12,645.05,100,85900
20231026,14:23:36,657.4,50,86000
20231026,14:28:38,655.0,200,85950
20231026,14:29:51,655.0,100,85950
20231026,14:37:39,660.95,50,86050
20231026,14:37:56,660.75,50,86050
20231026,14:41:31,658.15,100,86050
20231026,14:42:03,660.0,200,86050
20231026,14:43:14,654.05,150,86150
20231026,14:43:20,655.0,50,86150
20231026,14:43:26,655.0,50,86150
20231026,14:44:09,655.0,150,86150
20231026,14:47:37,650.0,50,86350
20231026,14:55:26,650.3,100,86400
20231026,14:57:49,648.95,350,86450
20231026,14:58:29,648.0,450,86450
20231026,14:58:41,647.95,50,86450
20231026,14:58:48,648.0,50,86450
20231026,14:59:00,645.0,350,86450
20231026,15:05:55,645.0,150,86350
20231026,15:07:28,652.0,50,86350
20231026,15:07:42,645.45,200,86350
20231026,15:07:49,645.05,150,86350
20231026,15:08:17,645.0,100,86350
20231026,15:09:03,640.05,50,86350
20231026,15:09:16,640.05,50,86350
20231026,15:09:23,640.2,50,86350
20231026,15:10:57,645.75,50,86450
20231026,15:13:55,645.75,50,86450
20231026,15:17:07,648.05,100,86400
20231026,15:17:13,645.75,400,86400
20231026,15:19:14,649.95,50,86300
20231026,15:19:26,646.15,100,86300
20231026,15:19:39,647.0,50,86300
20231026,15:22:16,647.7,100,86300
20231026,15:22:22,647.4,50,86300
20231026,15:22:42,648.15,100,86300
20231026,15:22:48,647.75,100,86300
20231026,15:28:12,640.0,50,86350
20231026,15:29:12,642.0,100,86350
20231026,15:29:52,640.0,50,86350
20231027,09:17:29,635.0,1,85750
20231027,09:17:29,635.0,50,85750
20231027,09:17:35,634.95,200,85750
20231027,09:17:46,634.95,50,85750
20231027,09:18:26,635.0,200,85750
20231027,09:18:39,630.0,100,85750
20231027,09:18:45,630.0,50,85750
20231027,09:19:04,627.0,50,85750
20231027,09:20:16,619.95,50,85750
20231027,09:21:38,615.0,150,86350
20231027,09:21:44,610.0,50,86350
20231027,09:23:34,610.0,100,86400
20231027,09:23:48,620.0,50,86400
20231027,09:24:40,627.55,50,86400
20231027,09:24:47,629.85,50,86400
20231027,09:25:06,629.95,50,86400
20231027,09:26:50,623.1,50,86350
20231027,09:27:03,620.0,200,86350
20231027,09:27:47,620.0,150,86350
20231027,09:28:00,620.05,50,86350
20231027,09:29:57,620.0,150,86250
20231027,09:30:37,630.0,50,86250
20231027,09:33:19,635.0,150,86250
20231027,09:33:46,640.0,100,86250
20231027,09:34:33,640.0,50,86250
20231027,09:34:39,640.0,50,86250
20231027,09:35:05,650.0,50,86250
20231027,09:36:52,679.9,50,86400
20231027,09:37:51,679.9,50,86400
20231027,09:38:05,654.0,50,86400
20231027,09:38:51,643.6,50,86350
20231027,09:39:04,654.2,50,86350
20231027,09:40:10,655.0,100,86350
20231027,09:40:17,655.0,50,86350
20231027,09:40:30,655.0,100,86350
20231027,09:41:47,659.9,50,86200
20231027,09:43:01,658.0,300,86200
20231027,09:44:26,656.0,50,86250
20231027,09:44:58,657.0,100,86250
20231027,09:47:57,657.0,50,86400
20231027,09:48:52,670.0,650,86400
20231027,09:48:58,670.0,50,86400
20231027,09:49:05,671.0,200,86400
20231027,09:49:25,672.0,100,86400
20231027,09:52:30,672.35,50,86400
20231027,09:52:50,649.55,200,86400
20231027,09:53:36,660.6,50,86400
20231027,09:55:28,660.0,200,86400
20231027,09:58:05,672.0,50,86200
20231027,09:59:29,662.0,50,86200
20231027,10:01:46,662.2,50,86200
20231027,10:08:48,670.0,200,86200
20231027,10:10:16,675.0,50,86200
20231027,10:10:22,675.05,100,86200
20231027,10:10:47,675.0,450,86200
20231027,10:16:18,656.65,50,86300
20231027,10:16:44,660.0,50,86300
20231027,10:20:57,657.9,50,86300
20231027,10:24:32,653.0,100,86300
20231027,10:33:42,665.0,250,86300
20231027,10:34:51,665.0,50,86300
20231027,10:38:19,665.0,50,86200
20231027,10:46:01,670.0,50,86250
20231027,10:48:43,665.0,50,86250
20231027,10:58:02,669.35,50,86250
20231027,10:59:58,665.0,50,86250
20231027,11:00:16,669.55,50,86250
20231027,11:05:24,662.95,50,86350
20231027,11:15:39,663.0,50,86400
20231027,11:21:36,663.7,50,86400
20231027,11:24:38,672.0,50,86400
20231027,11:24:45,673.0,200,86400
20231027,11:24:59,675.0,100,86400
20231027,11:31:32,678.8,50,86200
20231027,11:31:38,679.2,300,86200
20231027,11:31:44,678.85,300,86200
20231027,11:31:50,678.65,50,86200
20231027,11:31:55,678.65,50,86200
20231027,11:32:01,678.75,50,86200
20231027,11:32:07,678.85,100,86200
20231027,11:32:13,678.85,100,86200
20231027,11:32:37,681.25,50,87150
20231027,11:32:43,682.0,100,87150
20231027,11:32:49,682.3,100,87150
20231027,11:37:02,682.3,50,87400
20231027,11:42:19,680.0,50,87400
20231027,11:42:25,679.25,50,87400
20231027,11:42:47,679.6,50,87400
20231027,11:43:16,679.5,50,87400
20231027,11:43:22,679.2,50,87400
20231027,11:44:04,678.15,50,87400
20231027,11:44:16,675.8,150,87400
20231027,11:44:22,674.85,50,87400
20231027,11:44:40,675.6,100,87900
20231027,11:44:52,676.0,200,87900
20231027,11:45:04,675.65,50,87900
20231027,11:45:16,678.3,100,87900
20231027,11:45:22,678.55,100,87900
20231027,11:45:27,678.35,100,87900
20231027,11:45:56,678.95,50,87900
20231027,11:46:25,679.0,50,87900
20231027,11:49:25,679.0,50,88600
20231027,11:49:47,679.0,200,88600
20231027,11:49:54,680.0,100,88600
20231027,11:53:25,680.0,750,88600
20231027,11:56:58,683.0,50,88600
20231027,12:05:54,687.0,50,88600
20231027,12:14:49,687.05,300,88650
20231027,12:15:12,687.05,50,88650
20231027,12:15:24,688.0,50,88650
20231027,12:17:55,688.0,50,88400
20231027,12:24:42,687.0,100,88450
20231027,12:25:47,687.0,50,88450
20231027,12:26:40,687.0,50,88350
20231027,12:29:25,682.0,50,88350
20231027,12:30:31,671.2,50,88300
20231027,12:31:46,680.0,50,88300
20231027,12:38:59,680.0,400,88350
20231027,12:39:05,680.0,250,88350
20231027,12:45:56,684.0,100,88900
20231027,12:49:57,678.3,100,88900
20231027,12:53:46,680.0,50,88900
20231027,12:54:49,679.1,50,88900
20231027,12:59:16,679.35,50,89000
20231027,13:02:35,678.65,50,89000
20231027,13:02:53,678.45,50,89050
20231027,13:04:19,679.6,100,89050
20231027,13:04:25,680.0,100,89050
20231027,13:10:32,680.0,50,89250
20231027,13:10:38,679.55,50,89250
20231027,13:13:56,678.9,50,89300
20231027,13:14:02,679.55,300,89300
20231027,13:20:30,682.45,50,89200
20231027,13:23:46,682.85,50,89250
20231027,13:26:18,682.65,50,89300
20231027,13:30:20,683.05,50,89350
20231027,13:33:38,687.75,200,89350
20231027,13:34:27,685.8,50,89350
20231027,13:37:33,687.0,100,89500
20231027,13:38:01,687.8,50,89500
20231027,13:41:11,684.35,100,89600
20231027,13:44:44,686.3,50,89500
20231027,13:45:24,688.0,50,89550
20231027,13:46:11,690.0,150,89550
20231027,13:47:38,695.05,50,89550
20231027,13:47:45,695.05,100,89550
20231027,13:54:45,695.0,50,89900
20231027,13:58:42,696.0,50,89900
20231027,14:01:51,696.0,50,89900
20231027,14:02:10,696.0,50,89900
20231027,14:07:57,698.8,50,90000
20231027,14:08:51,698.8,50,90000
20231027,14:36:29,698.95,50,90050
20231027,14:36:35,700.0,50,90050
20231027,14:36:41,702.0,50,90050
20231027,14:40:00,702.0,50,90100
20231027,14:40:45,702.0,50,90100
20231027,14:44:41,698.35,50,90100
20231027,14:46:52,698.35,50,90050
20231027,14:50:24,695.0,100,90000
20231027,14:50:50,694.25,150,90000
20231027,14:50:57,709.9,100,90000
20231027,14:51:10,709.9,50,90050
20231027,14:51:42,697.4,50,90050
20231027,14:54:23,695.0,50,89950
20231027,14:55:07,696.8,100,89950
20231027,14:55:13,696.8,50,89950
20231027,14:59:01,696.0,250,89750
20231027,15:00:49,694.55,100,89700
20231027,15:00:56,696.0,100,89700
20231027,15:02:08,690.0,50,89700
20231027,15:05:39,692.5,50,89750
20231027,15:16:51,692.35,100,89800
20231027,15:19:37,692.05,100,89800
20231027,15:19:39,692.0,100,89800
20231027,15:19:43,691.8,100,89800
20231027,15:19:53,691.55,50,89800
20231027,15:21:22,689.7,150,89700
20231027,15:21:29,690.1,50,89700
20231027,15:22:23,691.2,50,89700
20231027,15:22:35,691.45,50,89700
20231027,15:22:47,691.45,250,89700
20231027,15:23:24,692.0,50,89700
20231027,15:23:30,692.1,50,89700
20231027,15:29:23,697.45,50,89850
20231030,09:19:43,670.2,1,89900
20231030,09:19:43,670.2,50,89900
20231030,09:20:45,690.0,600,89950
20231030,09:21:06,690.0,400,89950
20231030,09:26:04,670.0,50,90950
20231030,09:26:45,665.0,100,90900
20231030,09:26:51,665.0,500,90900
20231030,09:27:58,665.0,50,90900
20231030,09:30:59,651.1,50,91050
20231030,09:32:52,651.1,50,91000
20231030,09:33:47,650.0,50,91000
20231030,09:35:14,649.9,50,91000
20231030,09:36:44,646.0,50,91100
20231030,09:36:51,646.0,50,91100
20231030,09:37:25,646.0,250,91100
20231030,09:38:20,644.1,350,91100
20231030,09:39:43,644.1,250,91400
20231030,09:42:20,650.0,100,91300
20231030,09:42:54,650.0,200,91300
20231030,09:43:09,650.0,550,91300
20231030,09:43:16,650.0,350,91300
20231030,09:43:53,650.0,50,91300
20231030,09:44:07,650.0,400,91300
20231030,09:45:46,645.0,50,92900
20231030,09:46:13,645.0,50,92900
20231030,09:46:40,644.95,550,92900
20231030,09:46:47,645.0,200,92900
20231030,09:50:01,646.05,50,93000
20231030,09:50:34,646.5,50,93000
20231030,09:55:38,647.2,50,93000
20231030,09:56:19,647.2,50,93000
20231030,09:57:34,647.15,50,93100
20231030,10:02:14,650.0,100,93150
20231030,10:03:59,659.0,50,93150
20231030,10:09:28,651.0,150,93200
20231030,10:09:42,665.0,150,93200
20231030,10:10:30,662.1,50,93200
20231030,10:10:37,664.3,50,93200
20231030,10:12:09,669.95,150,93150
20231030,10:12:17,671.95,50,93150
20231030,10:12:24,672.0,50,93150
20231030,10:13:19,672.0,150,93150
20231030,10:13:55,665.75,300,93150
20231030,10:15:31,668.85,100,93250
20231030,10:16:39,661.7,250,93250
20231030,10:17:33,677.0,50,93300
20231030,10:18:22,677.7,100,93300
20231030,10:18:38,679.8,100,93300
20231030,10:19:08,685.0,50,93300
20231030,10:19:15,685.0,50,93300
20231030,10:19:54,685.0,100,93300
20231030,10:20:02,685.0,50,93300
20231030,10:20:53,685.0,100,93200
20231030,10:28:26,690.0,50,93100
20231030,10:28:41,692.0,150,93100
20231030,10:29:17,699.0,50,93100
20231030,10:29:24,700.0,50,93100
20231030,10:32:28,700.0,50,93200
20231030,10:34:46,700.0,50,93200
20231030,10:42:54,694.95,100,93250
20231030,10:43:15,686.05,150,93250
20231030,10:44:03,695.0,100,93250
20231030,10:44:44,695.0,400,93100
20231030,10:46:13,700.0,50,93100
20231030,10:46:41,702.0,50,93100
20231030,10:48:46,712.0,100,93100
20231030,10:51:55,713.05,200,93100
20231030,11:00:19,707.0,250,93250
20231030,11:01:40,701.0,50,93250
20231030,11:02:54,701.0,50,93150
20231030,11:03:00,701.0,100,93150
20231030,11:03:27,701.0,100,93150
20231030,11:05:06,701.0,50,93150
20231030,11:07:35,701.0,50,93250
20231030,11:07:55,701.0,100,93250
20231030,11:11:06,706.05,200,93250
20231030,11:11:52,706.0,100,93250
20231030,11:14:30,706.0,100,93150
20231030,11:14:36,705.0,100,93350
20231030,11:23:35,711.95,200,93450
20231030,11:25:26,712.0,50,93550
20231030,11:29:17,716.0,50,93550
20231030,11:30:57,717.95,50,93550
20231030,11:31:04,718.0,50,93550
20231030,11:32:54,718.0,100,93450
20231030,11:33:16,718.3,100,93450
20231030,11:33:51,719.4,50,93450
20231030,11:40:46,720.05,100,93500
20231030,11:43:11,720.05,50,93550
20231030,11:43:56,717.7,200,93550
20231030,11:44:03,717.1,50,93550
20231030,11:44:42,711.95,1000,93400
20231030,11:45:09,716.0,50,93400
20231030,11:45:36,716.0,50,93400
20231030,11:46:29,715.1,50,93400
20231030,11:47:58,711.95,100,94050
20231030,11:48:31,712.1,50,94050
20231030,11:48:38,711.95,50,94050
20231030,11:54:23,713.3,50,94000
20231030,11:54:30,713.3,50,94000
20231030,11:54:36,713.65,100,94000
20231030,12:01:46,724.0,100,93850
20231030,12:01:52,724.0,100,93850
20231030,12:01:59,724.0,100,93850
20231030,12:02:06,724.0,50,93850
20231030,12:02:13,724.0,500,93850
20231030,12:02:40,724.9,50,93850
20231030,12:02:54,725.0,50,93850
20231030,12:03:49,725.0,50,93850
20231030,12:04:09,724.0,1000,93850
20231030,12:11:51,718.6,50,94700
20231030,12:11:57,718.6,50,94700
20231030,12:12:17,718.6,50,94700
20231030,12:12:24,718.6,50,94700
20231030,12:12:38,718.55,200,94700
20231030,12:13:11,715.0,700,94700
20231030,12:13:17,715.0,300,94700
20231030,12:16:52,711.95,50,94550
20231030,12:16:59,711.95,50,94550
20231030,12:17:06,711.95,150,94550
20231030,12:17:13,711.95,250,94550
20231030,12:17:20,711.95,50,94550
20231030,12:17:46,711.95,50,94550
20231030,12:18:07,711.95,200,94550
20231030,12:22:23,712.0,150,94650
20231030,12:22:55,715.0,50,94650
20231030,12:32:18,715.95,50,94650
20231030,12:33:36,715.0,50,94650
20231030,12:37:03,716.75,100,94650
20231030,12:37:15,714.65,100,94650
20231030,12:37:41,713.8,50,94650
20231030,12:38:05,713.45,50,94650
20231030,12:38:30,712.4,100,94650
20231030,12:38:49,713.8,50,94650
20231030,12:40:40,712.0,50,94400
20231030,12:44:46,713.8,50,94300
20231030,12:44:52,715.0,250,94300
20231030,12:50:49,729.4,150,94300
20231030,12:50:56,729.4,50,94150
20231030,12:59:33,709.1,1000,94200
20231030,13:09:13,717.0,100,94300
20231030,13:10:23,715.2,450,94300
20231030,13:10:28,715.2,400,94300
20231030,13:10:34,717.0,50,94300
20231030,13:13:55,720.0,50,94450
20231030,13:15:29,720.0,50,94450
20231030,13:15:52,715.2,50,94450
20231030,13:18:31,715.5,50,94350
20231030,13:23:07,720.0,50,94350
20231030,13:23:33,720.0,500,94350
20231030,13:23:40,720.0,550,94350
20231030,13:23:46,720.0,400,94350
20231030,13:30:23,720.05,150,94700
20231030,13:30:30,720.05,50,94700
20231030,13:33:00,726.0,50,94700
20231030,13:33:07,723.05,50,94800
20231030,13:33:39,727.0,100,94800
20231030,13:39:09,725.0,50,94750
20231030,13:43:36,720.0,1600,94750
20231030,13:45:17,715.4,1200,96050
20231030,13:45:44,715.4,500,96050
20231030,13:48:31,715.0,50,96150
20231030,13:50:13,713.55,150,96150
20231030,14:25:26,707.35,50,96050
20231030,14:26:47,704.4,100,96050
20231030,14:26:54,704.0,100,96050
20231030,14:30:33,708.75,50,96100
20231030,14:30:58,708.3,50,96100
20231030,14:31:18,706.25,50,96100
20231030,14:34:06,717.55,500,96250
20231030,14:34:50,716.5,50,96250
20231030,14:35:03,716.45,200,96250
20231030,14:35:08,716.45,550,96250
20231030,14:35:14,716.45,150,96250
20231030,14:40:22,716.45,100,97200
20231030,14:47:33,717.0,50,97150
20231030,14:50:25,720.0,100,97200
20231030,14:52:41,717.0,500,97200
20231030,14:53:31,716.45,50,97200
20231030,14:54:20,716.45,50,97700
20231030,15:01:23,716.3,450,97700
20231030,15:01:29,715.95,100,97700
20231030,15:01:36,716.0,150,97700
20231030,15:03:08,719.95,50,97700
20231030,15:04:10,721.0,500,97950
20231030,15:15:53,717.0,50,97950
20231030,15:16:01,718.0,50,97950
20231030,15:16:02,727.45,300,97950
20231030,15:17:38,716.8,150,97950
20231030,15:18:57,724.0,50,98150
20231030,15:20:12,719.0,100,98150
20231030,15:20:33,719.2,100,98150
20231030,15:21:38,719.8,100,98050
20231030,15:22:05,719.8,50,98050
20231030,15:23:10,720.1,200,98050
20231030,15:28:06,724.05,100,98200
20231031,09:16:09,738.95,1,97950
20231031,09:16:09,738.95,50,97950
20231031,09:16:16,731.25,50,97950
20231031,09:17:30,731.25,150,97950
20231031,09:18:04,730.25,50,97950
20231031,09:18:15,730.25,50,97950
20231031,09:18:48,730.45,50,97950
20231031,09:19:13,729.8,100,97950
20231031,09:19:20,729.8,50,97950
20231031,09:19:27,720.0,100,97950
20231031,09:19:39,720.0,100,97950
20231031,09:21:29,730.0,50,97950
20231031,09:22:45,730.9,50,97950
20231031,09:22:57,731.05,50,97950
20231031,09:26:16,725.3,250,97950
20231031,09:27:50,725.0,200,98150
20231031,09:28:27,723.0,50,98150
20231031,09:28:39,720.3,100,98150
20231031,09:28:51,721.0,50,98150
20231031,09:29:04,725.0,50,98150
20231031,09:30:34,725.0,250,98400
20231031,09:30:52,721.0,50,98400
20231031,09:33:25,713.0,100,98450
20231031,09:33:57,713.0,50,98450
20231031,09:36:28,715.0,50,98400
20231031,09:38:46,715.5,150,98400
20231031,09:39:35,719.0,100,98400
20231031,09:39:54,719.55,50,98400
20231031,09:40:49,720.0,50,98400
20231031,09:42:57,720.0,50,98550
20231031,09:43:39,719.0,50,98550
20231031,09:44:27,723.25,50,98550
20231031,09:44:45,723.3,50,98600
20231031,09:44:58,723.95,50,98600
20231031,09:46:19,714.0,100,98600
20231031,09:47:20,701.0,100,98600
20231031,09:49:38,701.0,50,98750
20231031,09:51:49,708.85,50,98800
20231031,09:52:08,708.0,150,98800
20231031,09:55:21,703.5,100,99000
20231031,09:56:35,700.0,50,99100
20231031,09:59:55,700.0,200,99100
20231031,10:02:21,700.0,50,99100
20231031,10:08:04,700.0,50,99300
20231031,10:10:49,691.05,50,99300
20231031,10:13:29,691.05,50,99250
20231031,10:25:08,701.0,900,99200
20231031,10:25:21,700.35,100,99200
20231031,10:25:34,698.6,200,99200
20231031,10:25:41,699.45,100,99200
20231031,10:25:47,699.45,50,99200
20231031,10:25:53,701.0,200,99200
20231031,10:25:59,701.5,350,99200
20231031,10:26:12,702.0,550,99200
20231031,10:26:18,702.0,250,99200
20231031,10:26:36,703.6,50,99200
20231031,10:31:57,699.9,100,101300
20231031,10:33:41,701.65,400,101300
20231031,10:33:48,701.05,50,101300
20231031,10:34:59,704.75,650,101300
20231031,10:38:28,700.0,50,101950
20231031,10:39:41,707.7,50,102000
20231031,10:41:52,695.0,50,102050
20231031,10:44:15,690.0,50,102050
20231031,10:48:39,690.0,500,102000
20231031,10:48:45,705.8,1900,102000
20231031,10:48:51,706.5,1100,102000
20231031,10:48:58,706.0,100,102000
20231031,10:49:04,705.0,700,102000
20231031,10:49:10,705.3,200,102000
20231031,10:49:28,705.35,400,102000
20231031,10:49:34,706.0,900,102000
20231031,10:49:52,705.4,300,102000
20231031,10:49:58,705.5,300,102000
20231031,10:50:16,702.0,100,102000
20231031,10:57:34,704.0,50,108050
20231031,10:58:58,707.0,50,108050
20231031,10:59:48,705.0,50,108050
20231031,11:04:57,711.0,50,108000
20231031,11:08:20,712.0,200,108000
20231031,11:09:33,723.2,100,108000
20231031,11:10:44,706.45,200,108000
20231031,11:11:04,704.05,50,108000
20231031,11:11:19,704.05,200,108000
20231031,11:14:50,708.45,50,108100
20231031,11:16:15,704.75,50,108100
20231031,11:23:34,717.75,100,108100
20231031,11:23:35,717.5,100,108100
20231031,11:23:36,717.5,50,108100
20231031,11:23:38,716.15,50,108100
20231031,11:23:39,716.15,100,108100
20231031,11:23:40,716.15,50,108100
20231031,11:24:13,717.85,50,108500
20231031,11:24:19,716.15,50,108500
20231031,11:24:37,711.0,200,108500
20231031,11:43:02,705.4,50,108500
20231031,11:43:16,703.9,50,108500
20231031,11:54:38,694.0,150,108550
20231031,12:11:57,694.0,250,108550
20231031,12:18:13,695.1,50,108800
20231031,12:21:06,696.8,50,108800
20231031,12:58:01,700.95,100,108800
20231031,12:58:57,698.0,600,108800
20231031,12:59:16,698.0,400,108800
20231031,13:01:01,698.0,550,108950
20231031,13:01:39,698.0,450,108950
20231031,13:05:24,699.3,50,108950
20231031,13:12:33,703.55,150,108950
20231031,13:20:44,710.0,50,108900
20231031,13:22:33,704.5,50,108900
20231031,13:22:51,704.5,100,108900
20231031,13:24:40,704.5,350,108950
20231031,13:24:46,701.75,150,108950
20231031,13:24:59,701.75,50,108950
20231031,13:25:11,701.25,200,108950
20231031,13:25:18,701.0,100,108950
20231031,13:25:30,700.75,200,108950
20231031,13:25:36,700.5,100,108950
20231031,13:25:49,700.25,100,108950
20231031,13:26:01,700.75,100,108950
20231031,13:26:07,701.0,100,108950
20231031,13:26:53,700.75,150,108950
20231031,13:30:09,711.7,100,110550
20231031,13:30:23,715.0,300,110550
20231031,13:36:12,704.0,100,110850
20231031,13:36:18,703.5,650,110850
20231031,13:37:30,710.0,150,110850
20231031,13:39:51,700.75,50,111450
20231031,13:51:58,704.45,150,111500
20231031,13:59:11,702.3,100,111400
20231031,14:03:30,702.45,50,111400
20231031,14:06:49,704.35,50,111400
20231031,14:09:21,705.35,50,111400
20231031,14:17:41,715.0,100,111350
20231031,14:22:20,725.0,50,111350
20231031,14:30:56,725.4,350,111350
20231031,14:35:07,730.0,50,111100
20231031,14:39:04,722.25,50,111100
20231031,14:42:50,734.35,50,111100
20231031,14:42:57,724.4,50,111100
20231031,14:43:29,723.9,50,111100
20231031,14:44:59,723.9,50,111100
20231031,14:48:40,725.4,100,110950
20231031,14:48:47,725.4,50,110950
20231031,14:48:54,725.4,50,110950
20231031,14:52:09,721.85,50,110750
20231031,14:52:47,721.0,50,110750
20231031,14:56:02,716.0,50,110700
20231031,14:58:18,716.0,50,110650
20231031,15:01:00,705.35,250,110650
20231031,15:02:08,698.0,50,110650
20231031,15:03:07,698.0,50,110650
20231031,15:05:30,698.05,50,110750
20231031,15:05:37,698.0,150,110750
20231031,15:05:44,694.0,50,110750
20231031,15:09:39,691.0,250,110950
20231031,15:19:35,700.0,300,110800
20231031,15:20:44,700.0,50,110800
20231031,15:21:59,700.95,50,110800
20231031,15:24:08,701.65,100,110800
20231031,15:25:04,700.45,50,110800
20231031,15:25:13,700.45,100,110800
20231031,15:27:23,700.65,100,110650
20231101,09:16:49,690.0,1,110500
20231101,09:16:49,690.05,1,110500
20231101,09:16:49,690.0,600,110500
20231101,09:16:55,690.0,200,110500
20231101,09:17:07,690.0,100,110500
20231101,09:17:31,690.0,500,111400
20231101,09:17:43,689.0,250,111400
20231101,09:18:01,689.0,100,111400
20231101,09:18:27,689.0,50,111400
20231101,09:20:01,689.0,50,111400
20231101,09:25:17,691.8,50,112100
20231101,09:28:25,690.0,200,112100
20231101,09:28:44,690.0,100,112100
20231101,09:29:03,691.0,500,112100
20231101,09:31:46,690.0,50,112100
20231101,09:33:09,691.7,50,112150
20231101,09:33:41,699.95,50,112150
20231101,09:36:11,708.25,50,112100
20231101,09:37:08,708.25,50,112100
20231101,09:41:42,705.05,50,112100
20231101,09:42:02,698.15,50,112100
20231101,09:42:53,689.75,100,112100
20231101,09:46:55,689.0,100,112100
20231101,09:48:37,689.0,50,112200
20231101,09:51:06,688.0,500,112250
20231101,09:52:42,688.0,50,112250
20231101,09:53:01,688.0,50,112250
20231101,09:53:43,688.0,250,112850
20231101,09:53:49,687.0,150,112850
20231101,09:54:55,687.0,350,112850
20231101,09:55:20,686.0,150,112850
20231101,09:55:23,686.0,150,112850
20231101,09:56:01,686.0,300,112850
20231101,09:56:03,685.0,200,112850
20231101,09:57:11,685.0,300,114300
20231101,09:59:55,684.0,500,114500
20231101,10:00:25,683.0,50,114500
20231101,10:01:19,683.0,150,114500
20231101,10:01:37,682.0,850,114500
20231101,10:01:44,681.0,100,114500
20231101,10:01:57,681.0,400,114500
20231101,10:05:55,676.0,50,116500
20231101,10:06:26,676.0,50,116500
20231101,10:06:51,680.0,200,116500
20231101,10:06:57,680.0,100,116500
20231101,10:07:52,680.0,50,116500
20231101,10:08:16,679.5,200,116500
20231101,10:10:08,683.0,150,116500
20231101,10:11:33,683.05,50,116500
20231101,10:12:20,683.0,550,116500
20231101,10:12:26,683.0,200,116500
20231101,10:12:31,683.0,700,116500
20231101,10:15:26,687.7,50,116500
20231101,10:18:57,697.75,300,116500
20231101,10:19:36,690.35,100,116500
20231101,10:22:56,690.35,50,116500
20231101,10:35:07,686.0,150,116500
20231101,10:35:13,686.0,150,116500
20231101,10:35:26,686.0,150,116500
20231101,10:35:28,686.0,150,116500
20231101,10:35:29,685.75,50,116500
20231101,10:35:31,685.75,200,116500
20231101,10:35:56,685.8,150,117250
20231101,10:36:04,685.75,250,117250
20231101,10:36:08,685.5,150,117250
20231101,10:44:42,690.55,50,117650
20231101,10:56:13,691.6,100,117650
20231101,10:57:53,690.0,50,117650
20231101,11:11:29,685.8,50,117700
20231101,11:11:50,685.75,150,117700
20231101,11:22:02,685.75,100,117850
20231101,11:22:13,685.75,50,117850
20231101,11:33:11,689.0,50,117950
20231101,11:44:07,691.5,50,117950
20231101,11:51:14,695.0,50,117950
20231101,11:51:19,695.0,100,117950
20231101,12:00:56,695.0,50,117950
20231101,12:01:54,695.0,100,117950
20231101,12:06:45,695.0,100,117950
20231101,12:07:56,696.4,50,117950
20231101,12:12:07,697.0,100,117950
20231101,12:14:21,695.0,100,117950
20231101,12:16:19,698.0,100,118050
20231101,12:18:04,698.0,100,118050
20231101,12:18:23,698.0,50,118050
20231101,12:19:49,693.0,50,118050
20231101,12:29:35,698.0,100,118250
20231101,12:30:23,698.0,50,118250
20231101,12:32:47,690.0,100,118250
20231101,12:36:22,693.0,100,118300
20231101,12:38:38,690.0,100,118300
20231101,12:40:27,690.0,200,118500
20231101,12:41:22,690.0,200,118500
20231101,12:41:49,690.0,200,118500
20231101,12:46:12,686.5,150,119100
20231101,12:48:02,686.5,100,119100
20231101,12:52:23,686.5,50,119000
20231101,12:52:34,686.5,50,119000
20231101,12:54:48,686.5,50,118900
20231101,13:01:46,686.5,300,118850
20231101,13:01:52,685.75,200,118850
20231101,13:02:21,685.5,100,118850
20231101,13:02:39,685.5,50,118850
20231101,13:11:27,685.25,450,119200
20231101,13:11:33,685.0,400,119200
20231101,13:11:47,685.0,100,119200
20231101,13:11:54,685.0,150,119200
20231101,13:12:01,684.75,500,119200
20231101,13:16:44,675.3,150,120700
20231101,13:23:37,675.3,50,120850
20231101,13:26:35,679.0,50,120850
20231101,13:35:39,689.95,250,120800
20231101,13:36:44,684.95,100,120700
20231101,13:36:47,690.0,150,120700
20231101,13:45:50,683.55,50,120800
20231101,13:48:57,694.85,50,120800
20231101,13:50:43,688.8,50,120800
