date,time,tick_price,volume,open_interest
20240115,09:28:15,3.05,100,300
20240115,09:28:29,2.85,50,300
20240115,09:28:43,2.85,50,300
20240115,09:28:56,2.8,100,300
20240115,09:30:29,3.6,200,300
20240115,09:31:27,3.6,50,300
20240115,09:37:03,2.75,150,550
20240115,09:38:35,2.75,950,700
20240115,09:38:48,2.9,600,700
20240115,09:39:02,2.85,300,700
20240115,09:42:36,2.85,50,1950
20240115,09:44:44,2.85,550,2000
20240115,09:45:10,2.85,2000,2000
20240115,09:45:37,2.8,50,2000
20240115,09:45:50,2.8,50,2000
20240115,09:46:03,2.8,50,2000
20240115,09:46:16,2.8,100,2000
20240115,09:46:29,2.8,50,2000
20240115,09:46:54,2.75,100,2000
20240115,09:47:46,2.8,50,3950
20240115,09:48:12,2.8,1800,3950
20240115,09:53:58,2.7,100,4650
20240115,09:54:54,2.7,100,4650
20240115,09:55:23,2.7,100,4650
20240115,09:55:38,2.8,900,4650
20240115,10:05:20,2.75,100,4800
20240115,10:06:56,2.8,50,4700
20240115,10:08:32,2.8,50,4700
20240115,10:09:25,2.8,50,4650
20240115,10:10:03,2.8,50,4650
20240115,10:14:16,2.85,100,4550
20240115,10:18:02,2.85,50,4450
20240115,10:25:48,2.8,150,4500
20240115,10:33:24,2.75,50,4600
20240115,10:33:50,2.65,100,4600
20240115,10:34:03,2.7,50,4600
20240115,10:34:42,2.7,50,4600
20240115,10:34:56,2.85,50,4600
20240115,10:39:14,2.8,50,4450
20240115,10:39:26,2.8,50,4450
20240115,10:39:38,2.8,50,4450
20240115,10:40:38,3.2,3600,4450
20240115,10:40:51,2.95,1250,4450
20240115,10:41:03,2.95,50,4450
20240115,10:41:14,2.95,400,4450
20240115,10:42:00,2.85,50,8100
20240115,10:49:09,2.85,50,8050
20240115,11:10:43,2.9,50,8050
20240115,11:12:05,2.9,50,8050
20240115,11:13:01,2.95,50,8050
20240115,11:13:13,2.9,150,8050
20240115,11:15:56,2.9,100,8050
20240115,11:16:18,2.9,50,8050
20240115,11:16:40,2.9,50,8050
20240115,11:17:32,2.9,50,8050
20240115,11:20:12,2.85,50,8200
20240115,11:22:00,2.85,200,8250
20240115,11:27:50,2.85,100,8250
20240115,11:28:01,2.85,100,8250
20240115,11:29:08,2.95,200,8250
20240115,11:33:26,2.85,200,8250
20240115,12:02:50,2.95,150,8150
20240115,12:03:24,2.95,200,8200
20240115,12:10:18,2.9,250,8400
20240115,12:14:22,2.95,100,8400
20240115,12:14:31,2.95,50,8450
20240115,12:15:33,2.95,50,8350
20240115,12:16:27,2.9,100,8350
20240115,12:16:41,2.9,650,8350
20240115,12:16:55,2.9,50,8350
20240115,12:17:50,2.9,150,8350
20240115,12:19:35,2.95,50,8450
20240115,12:21:21,2.95,50,8450
20240115,12:21:34,2.9,100,8450
20240115,12:23:45,2.85,250,8450
20240115,12:30:54,2.85,100,8700
20240115,12:31:43,2.85,100,8700
20240115,12:33:50,2.8,50,8750
20240115,12:34:45,2.85,50,8750
20240115,12:37:48,2.8,50,8800
20240115,12:38:01,2.85,100,8800
20240115,12:42:24,2.85,50,8850
20240115,12:44:10,2.85,50,8850
20240115,13:12:47,2.7,3600,8800
20240115,13:13:18,2.7,300,8800
20240115,13:13:52,2.7,50,8800
20240115,13:14:27,2.7,50,8800
20240115,13:14:50,2.7,50,8800
20240115,13:16:09,2.8,50,10300
20240115,13:17:02,2.8,50,10300
20240115,13:17:56,2.75,50,10300
20240115,13:18:41,2.8,100,10350
20240115,13:18:57,2.8,50,10350
20240115,13:19:12,2.8,50,10350
20240115,13:20:01,2.8,50,10350
20240115,13:20:55,2.8,100,10350
20240115,13:25:37,2.8,50,10400
20240115,13:28:55,2.8,100,10450
20240115,13:30:08,2.8,200,10500
20240115,13:32:30,2.8,50,10500
20240115,13:34:14,2.85,50,10500
20240115,13:38:51,2.75,50,10500
20240115,13:39:46,2.75,50,10550
20240115,13:40:42,2.75,50,10550
20240115,13:50:59,2.75,250,10650
20240115,13:56:22,2.75,50,10650
20240115,13:59:54,2.75,600,10700
20240115,14:00:07,2.75,200,10700
20240115,14:00:55,2.75,1000,11500
20240115,14:02:35,2.75,250,11500
20240115,14:04:35,2.7,100,12750
20240115,14:05:09,2.7,100,12750
20240115,14:10:01,2.75,250,12850
20240115,14:10:14,2.75,500,12850
20240115,14:12:36,2.75,300,13100
20240115,14:15:10,2.75,1000,13100
20240115,14:15:43,2.7,150,14100
20240115,14:16:18,2.7,50,14100
20240115,14:27:34,2.75,250,13950
20240115,14:28:40,2.75,250,13950
20240115,14:30:31,2.75,250,14200
20240115,14:31:18,2.7,250,14200
20240115,14:32:18,2.7,250,14200
20240115,14:33:42,2.75,100,14250
20240115,14:34:33,2.7,200,14250
20240115,14:35:58,2.75,250,14250
20240115,14:41:53,2.75,250,14600
20240115,14:44:28,2.75,200,14600
20240115,14:44:38,2.75,250,14600
20240115,14:45:06,2.75,250,14600
20240115,14:47:12,2.75,250,14800
20240115,14:47:24,2.75,50,14800
20240115,14:47:35,2.75,50,14800
20240115,14:48:08,2.75,50,14800
20240115,14:48:20,2.75,50,14950
20240115,14:48:42,2.75,50,14950
20240115,14:49:05,2.75,50,14950
20240115,14:49:17,2.75,50,14950
20240115,14:49:29,2.75,50,14950
20240115,14:49:40,2.75,50,14950
20240115,14:49:50,2.75,500,14950
20240115,14:50:22,2.7,1000,14950
20240115,14:50:43,2.75,250,14950
20240115,14:51:16,2.75,250,15250
20240115,14:54:50,2.75,50,15250
20240115,14:55:01,2.75,50,15250
20240115,14:55:11,2.75,100,15250
20240115,14:56:00,2.75,50,15250
20240115,14:56:43,2.75,50,15250
20240115,14:57:32,2.75,150,15550
20240115,14:57:42,2.75,50,15550
20240115,14:57:53,2.75,50,15550
20240115,14:58:03,2.75,50,15550
20240115,14:58:13,2.75,50,15550
20240115,14:58:24,2.75,50,15550
20240115,15:00:17,2.7,50,15950
20240115,15:00:29,2.75,450,15950
20240115,15:00:51,2.7,50,15950
20240115,15:01:01,2.75,1850,15950
20240115,15:01:13,2.8,150,15950
20240115,15:01:24,2.8,500,15950
20240115,15:03:41,2.65,2900,17850
20240115,15:04:01,2.7,250,17850
20240115,15:06:44,2.7,250,20400
20240115,15:06:55,2.65,350,20400
20240115,15:07:41,2.7,250,20400
20240115,15:07:52,2.7,250,20400
20240115,15:10:35,2.65,250,20600
20240115,15:12:08,2.7,250,20600
20240115,15:15:33,2.7,50,20600
20240115,15:15:46,2.7,50,20600
20240115,15:15:59,2.65,300,20600
20240115,15:16:13,2.7,50,20600
20240115,15:16:26,2.65,200,20600
20240115,15:16:50,2.65,200,20600
20240115,15:17:01,2.7,100,20600
20240115,15:17:14,2.7,200,20600
20240115,15:17:26,2.6,200,20600
20240115,15:17:38,2.6,100,20600
20240115,15:17:52,2.7,50,20600
20240115,15:18:05,2.7,100,20600
20240115,15:18:30,2.7,50,21200
20240115,15:21:02,2.7,100,21200
20240115,15:21:28,2.7,50,21350
20240115,15:21:42,2.7,100,21350
20240115,15:21:57,2.7,50,21350
20240115,15:22:12,2.7,50,21350
20240115,15:22:27,2.65,50,21350
20240115,15:22:41,2.65,100,21350
20240115,15:24:45,2.65,50,21500
20240115,15:26:24,2.65,50,21500
20240115,15:27:48,2.6,500,21500
20240115,15:28:04,2.6,50,21500
20240115,15:28:20,2.65,50,21500
20240115,15:29:11,2.6,200,21500
20240115,15:29:46,2.7,100,21500
20240116,09:24:30,2.85,1,21550
20240116,09:24:30,2.9,350,21550
20240116,09:25:16,2.9,200,21550
20240116,09:25:31,2.4,500,21550
20240116,09:26:17,2.4,50,21550
20240116,09:26:32,2.7,50,21550
20240116,09:30:28,2.95,100,21700
20240116,09:32:31,2.95,850,21700
20240116,09:32:47,2.75,150,21750
20240116,09:33:18,2.75,300,21750
20240116,09:33:34,2.7,100,21750
20240116,09:33:50,2.7,300,21750
20240116,09:34:07,2.75,250,21750
20240116,09:34:22,2.75,900,21750
20240116,09:34:37,2.75,150,21750
20240116,09:34:53,2.75,200,21750
20240116,09:35:09,2.8,1850,21750
20240116,09:35:39,2.85,1800,21750
20240116,09:35:55,2.85,3650,22400
20240116,09:36:10,2.9,1800,22400
20240116,09:37:10,2.9,3850,22400
20240116,09:37:25,3.0,2650,22400
20240116,09:37:41,2.95,1800,22400
20240116,09:37:56,3.0,1800,22400
20240116,09:38:11,3.0,1800,22400
20240116,09:38:26,3.0,1800,22400
20240116,09:38:41,3.0,1800,37500
20240116,09:38:55,3.05,2050,37500
20240116,09:39:25,2.95,50,37500
20240116,09:39:40,2.95,50,37500
20240116,09:39:55,2.95,50,37500
20240116,09:40:10,2.95,50,37500
20240116,09:40:25,3.05,1900,37500
20240116,09:40:54,2.95,50,37500
20240116,09:41:09,2.95,100,37500
20240116,09:42:09,3.05,2050,42350
20240116,09:43:09,3.05,250,42350
20240116,09:43:25,3.0,250,42350
20240116,09:43:40,3.0,250,42350
20240116,09:44:12,3.0,250,42350
20240116,09:44:27,3.05,50,42350
20240116,09:45:59,3.0,500,42400
20240116,09:46:14,3.0,50,42400
20240116,09:46:46,2.95,50,42400
20240116,09:47:21,2.95,50,42400
20240116,09:47:37,3.0,50,42400
20240116,09:51:02,3.0,50,42200
20240116,09:51:47,3.05,500,42200
20240116,09:52:02,3.0,50,42200
20240116,09:53:03,3.05,150,42200
20240116,09:53:19,3.05,400,42200
20240116,09:53:50,3.1,250,42150
20240116,09:54:38,3.1,250,42150
20240116,09:55:22,3.1,50,42150
20240116,09:55:53,3.05,50,42150
20240116,09:56:23,3.1,50,42150
20240116,09:57:06,3.1,50,42450
20240116,09:58:39,3.05,50,42450
20240116,09:58:55,3.0,100,42450
20240116,10:01:00,3.0,350,42500
20240116,10:01:32,2.95,650,42500
20240116,10:01:49,2.95,1250,42500
20240116,10:02:05,2.95,50,42500
20240116,10:02:20,2.95,50,42500
20240116,10:03:04,2.95,50,43150
20240116,10:03:20,2.95,50,43150
20240116,10:03:37,2.95,800,43150
20240116,10:05:10,2.95,50,43150
20240116,10:05:26,3.0,750,43150
20240116,10:08:42,3.0,50,44800
20240116,10:09:42,3.05,50,44850
20240116,10:10:11,2.95,50,44850
20240116,10:10:43,3.05,250,44850
20240116,10:11:12,3.0,100,44850
20240116,10:13:39,3.05,1100,45100
20240116,10:14:36,3.05,50,45100
20240116,10:14:51,3.05,250,45100
20240116,10:18:52,3.0,1850,45150
20240116,10:21:03,2.95,150,44650
20240116,10:21:17,2.95,1050,44650
20240116,10:21:31,2.95,750,44650
20240116,10:21:45,2.95,50,44650
20240116,10:22:00,2.95,50,44650
20240116,10:23:28,2.9,250,44650
20240116,10:23:42,2.9,1900,44650
20240116,10:23:57,2.9,50,42750
20240116,10:24:13,2.9,100,42750
20240116,10:24:28,2.95,1800,42750
20240116,10:24:43,2.9,50,42750
20240116,10:24:58,2.95,50,42750
20240116,10:25:13,2.95,650,42750
20240116,10:25:42,2.95,100,42750
20240116,10:26:26,2.9,1250,42750
20240116,10:26:54,2.95,250,45550
20240116,10:29:52,3.0,500,45550
20240116,10:30:35,2.95,650,45550
20240116,10:35:01,3.0,50,44900
20240116,10:35:50,3.0,50,44900
20240116,10:43:00,2.95,350,44950
20240116,10:43:15,3.0,50,44950
20240116,10:43:29,2.95,50,44950
20240116,10:43:45,3.0,50,44950
20240116,10:47:19,2.95,250,44950
20240116,10:47:50,3.0,650,44900
20240116,10:48:05,3.0,150,44900
20240116,10:49:17,2.9,250,44900
20240116,10:50:12,3.0,50,44900
20240116,10:50:38,2.95,100,44900
20240116,10:51:05,3.0,50,45400
20240116,10:52:00,3.0,50,45400
20240116,10:53:09,3.0,300,45400
20240116,10:53:39,2.95,50,45400
20240116,10:54:36,2.95,100,45800
20240116,10:56:53,2.95,50,45800
20240116,10:57:08,2.85,3650,45700
20240116,10:57:22,2.8,1800,45700
20240116,10:57:36,2.85,3650,45700
20240116,10:57:51,2.75,3800,45700
20240116,10:58:05,2.75,1800,45700
20240116,10:58:19,2.8,3900,45700
20240116,10:58:34,2.8,1950,45700
20240116,10:58:48,2.7,3600,45700
20240116,10:59:02,2.7,5000,45700
20240116,11:04:11,2.8,100,27950
20240116,11:06:52,2.8,200,27950
20240116,11:08:33,2.75,850,27950
20240116,11:11:15,2.75,50,27950
20240116,11:11:40,2.8,50,27950
20240116,11:12:05,2.8,50,27950
20240116,11:12:46,2.8,50,27950
20240116,11:14:11,2.8,50,27950
20240116,11:15:13,2.8,200,27950
20240116,11:15:50,2.85,200,27950
20240116,11:18:39,2.85,50,27950
20240116,11:22:32,2.8,100,27950
20240116,11:23:11,2.85,50,27950
20240116,11:24:25,2.8,50,28000
20240116,11:28:29,2.8,50,28000
20240116,11:36:31,2.8,50,28050
20240116,11:36:54,2.75,100,28050
20240116,11:38:38,2.8,150,28050
20240116,11:38:59,2.75,50,28050
20240116,11:40:58,2.8,200,28050
20240116,11:41:24,2.75,50,28050
20240116,11:42:16,2.7,100,28050
20240116,11:42:29,2.7,250,28050
20240116,11:43:02,2.7,300,28050
20240116,11:51:45,2.75,100,28050
20240116,11:52:05,2.75,50,28050
20240116,11:54:12,2.75,50,28000
20240116,11:55:05,2.75,250,28000
20240116,11:59:00,2.8,50,28000
20240116,12:01:09,2.7,250,28000
20240116,12:02:16,2.7,50,28000
20240116,12:03:59,2.75,100,28000
20240116,12:05:50,2.75,150,28000
20240116,12:07:33,2.7,450,28150
20240116,12:10:10,2.75,250,28150
20240116,12:10:36,2.75,150,28150
20240116,12:10:50,2.75,200,28150
20240116,12:13:26,2.7,50,28500
20240116,12:15:33,2.75,250,28500
20240116,12:15:53,2.75,100,28500
20240116,12:16:49,2.75,250,28500
20240116,12:17:45,2.8,250,28500
20240116,12:19:18,2.75,200,28750
20240116,12:23:43,2.8,50,28750
20240116,12:25:46,2.8,1000,28800
20240116,12:26:10,2.75,650,28800
20240116,12:26:21,2.65,500,28800
20240116,12:26:33,2.7,250,28800
20240116,12:28:36,2.75,50,29950
20240116,12:29:51,2.7,50,29950
20240116,12:30:47,2.65,200,29950
20240116,12:33:01,2.65,2350,30850
20240116,12:33:11,2.65,400,30850
20240116,12:33:22,2.65,250,30850
20240116,12:33:43,2.65,250,30850
20240116,12:38:24,2.65,250,30950
20240116,12:39:38,2.6,350,30950
20240116,12:43:31,2.6,1150,30950
20240116,12:43:46,2.6,250,30950
20240116,12:46:53,2.6,250,29700
20240116,12:48:00,2.6,300,29700
20240116,12:48:15,2.6,50,29250
20240116,12:53:52,2.65,1000,29150
20240116,12:55:19,2.6,250,30150
20240116,12:56:00,2.55,5500,30150
20240116,12:56:11,2.55,350,30150
20240116,12:57:01,2.5,450,30150
20240116,12:57:31,2.5,200,32700
20240116,12:57:53,2.55,250,32700
20240116,12:58:29,2.55,250,32700
20240116,13:00:40,2.5,200,33200
20240116,13:00:52,2.5,200,33200
20240116,13:01:05,2.5,50,33200
20240116,13:01:39,2.55,400,33200
20240116,13:04:26,2.5,100,33200
20240116,13:06:42,2.5,50,33200
20240116,13:06:55,2.5,400,33200
20240116,13:07:07,2.5,50,33200
20240116,13:09:07,2.5,150,32800
20240116,13:12:09,2.5,250,32900
20240116,13:12:40,2.55,50,32900
20240116,13:13:06,2.5,800,32900
20240116,13:13:20,2.5,50,32900
20240116,13:13:37,2.5,350,32900
20240116,13:16:35,2.55,250,32950
20240116,13:22:17,2.5,250,33100
20240116,13:24:27,2.5,50,33100
20240116,13:25:45,2.55,250,33100
20240116,13:33:40,2.5,250,33350
20240116,13:34:32,2.55,250,33350
20240116,13:34:47,2.55,250,33350
20240116,13:36:48,2.5,200,33650
20240116,13:40:06,2.55,50,33700
20240116,13:41:52,2.55,500,33700
20240116,13:43:16,2.55,250,34200
20240116,13:43:28,2.55,250,34200
20240116,13:43:53,2.55,250,34200
20240116,13:44:30,2.55,500,34200
20240116,13:44:44,2.55,250,34200
20240116,13:48:33,2.55,250,35700
20240116,14:04:39,2.55,550,35950
20240116,14:08:37,2.6,100,36400
20240116,14:09:56,2.6,250,36400
20240116,14:10:06,2.6,50,36400
20240116,14:13:24,2.55,600,36400
20240116,14:14:28,2.5,1000,36400
20240116,14:17:11,2.55,50,36400
20240116,14:18:14,2.6,50,36400
20240116,14:20:23,2.55,200,36400
20240116,14:24:29,2.5,2050,36400
20240116,14:25:32,2.5,250,36400
20240116,14:26:05,2.5,50,36400
20240116,14:28:41,2.5,250,38750
20240116,14:30:59,2.5,250,39000
20240116,14:31:44,2.45,1400,39000
20240116,14:35:23,2.4,250,39250
20240116,14:37:56,2.4,750,39400
20240116,14:40:14,2.5,250,39400
20240116,14:42:36,2.45,250,39400
20240116,14:43:38,2.45,300,39400
20240116,14:48:05,2.4,1000,39400
20240116,14:49:13,2.4,50,40400
20240116,14:49:35,2.4,50,40400
20240116,14:49:47,2.35,50,40400
20240116,14:50:10,2.35,50,40400
20240116,14:50:22,2.35,50,40400
20240116,14:50:46,2.35,50,40400
20240116,14:50:57,2.35,50,40400
20240116,14:51:19,2.35,50,40400
20240116,14:51:42,2.3,50,40400
20240116,14:52:07,2.3,50,40400
20240116,14:52:44,2.3,250,40400
20240116,14:53:31,2.35,50,40400
20240116,14:53:43,2.3,50,40400
20240116,14:54:06,2.3,50,40400
20240116,14:54:28,2.3,50,40400
20240116,14:54:40,2.3,50,40400
20240116,14:54:53,2.3,50,40400
20240116,14:55:03,2.3,50,40400
20240116,14:55:14,2.3,50,40400
20240116,14:57:00,2.3,50,40400
20240116,14:58:28,2.3,50,40400
20240116,14:58:50,2.35,450,40400
20240116,14:59:50,2.4,50,40400
20240116,15:01:20,2.3,50,40400
20240116,15:12:07,2.4,50,40400
20240116,15:13:31,2.35,400,40400
20240116,15:14:31,2.3,50,40400
20240116,15:15:08,2.3,100,40400
20240116,15:15:21,2.3,100,40400
20240116,15:15:34,2.3,50,40400
20240116,15:15:47,2.35,600,40400
20240116,15:15:59,2.3,150,40400
20240116,15:16:11,2.3,100,40400
20240116,15:16:23,2.3,50,40400
20240116,15:16:36,2.3,100,40400
20240116,15:16:49,2.25,100,40400
20240116,15:17:03,2.25,100,40400
20240116,15:17:17,2.2,50,40400
20240116,15:17:29,2.2,150,40400
20240116,15:17:42,2.2,100,40400
20240116,15:18:54,2.2,150,40300
20240116,15:22:31,2.3,400,40300
20240116,15:24:38,2.25,100,40300
20240116,15:25:55,2.25,100,40300
20240116,15:26:07,2.2,200,40300
20240116,15:27:43,2.1,800,40400
20240116,15:29:12,2.1,600,40400
20240116,15:29:52,2.1,100,40400
20240117,09:16:55,2.0,1,40300
20240117,09:16:55,2.15,1,40300
20240117,09:16:55,2.1,600,40300
20240117,09:17:08,1.95,650,40300
20240117,09:18:08,2.15,50,40300
20240117,09:19:10,2.1,50,40300
20240117,09:20:43,2.15,1250,40300
20240117,09:21:35,2.5,50,40300
20240117,09:22:09,2.5,300,40300
20240117,09:22:21,2.6,2100,40300
20240117,09:22:41,2.6,150,40300
20240117,09:22:51,2.65,100,40300
20240117,09:24:54,2.9,300,40300
20240117,09:26:18,2.9,700,38700
20240117,09:28:04,2.9,50,38700
20240117,09:28:34,2.9,300,38700
20240117,09:29:36,2.9,150,38700
20240117,09:31:08,2.9,50,38700
20240117,09:31:18,2.85,100,38700
20240117,09:32:21,2.85,50,38700
20240117,09:32:31,2.85,50,38700
20240117,09:34:28,2.9,50,38700
20240117,09:34:58,2.9,50,38700
20240117,09:36:01,2.9,50,38700
20240117,09:36:30,2.85,100,38700
20240117,09:36:59,2.85,50,38700
20240117,09:37:46,2.9,500,38700
20240117,09:38:16,2.9,250,38700
20240117,09:38:35,2.85,1650,38700
20240117,09:40:21,2.9,50,38700
20240117,09:40:59,2.9,50,38700
20240117,09:42:09,2.85,150,38700
20240117,09:42:39,2.8,600,38700
20240117,09:42:49,2.75,450,38700
20240117,09:43:18,2.8,50,38700
20240117,09:44:59,2.85,50,38700
20240117,09:45:46,2.85,50,38700
20240117,09:47:44,2.8,100,38700
20240117,09:48:47,2.8,100,38700
20240117,09:50:02,2.85,100,38700
20240117,09:52:37,2.85,100,38700
20240117,09:52:57,2.85,700,38700
20240117,09:54:38,2.9,250,38700
20240117,09:54:48,2.85,50,38700
20240117,09:55:28,2.85,200,38700
20240117,09:55:38,2.8,500,38700
20240117,09:55:59,2.8,200,38700
20240117,09:58:40,2.85,250,38700
20240117,09:59:00,2.8,100,38700
20240117,10:00:34,2.7,50,38700
20240117,10:02:01,2.8,450,38700
20240117,10:02:21,2.8,100,38700
20240117,10:07:34,2.65,300,38700
20240117,10:13:48,2.7,50,38700
20240117,10:15:58,2.7,250,38700
20240117,10:19:46,2.75,50,38700
20240117,10:22:57,2.7,50,38700
20240117,10:23:10,2.7,100,38700
20240117,10:31:45,2.7,150,38700
20240117,10:31:57,2.7,100,38700
20240117,10:34:54,2.65,100,38700
20240117,10:35:57,2.7,200,38700
20240117,10:39:13,2.65,150,38700
20240117,10:41:33,2.7,2250,38700
20240117,10:43:40,2.75,50,38700
20240117,10:44:23,2.75,50,38700
20240117,10:44:51,2.75,50,38700
20240117,10:45:18,2.75,50,38750
20240117,10:47:38,2.75,100,38750
20240117,10:48:04,2.8,550,38700
20240117,10:48:17,2.85,200,38700
20240117,10:51:41,2.95,450,38500
20240117,11:00:15,2.95,50,38700
20240117,11:06:13,2.95,1600,38700
20240117,11:08:05,2.95,500,38700
20240117,11:10:47,2.9,50,38700
20240117,11:18:14,2.95,100,38700
20240117,11:24:41,2.9,100,38700
20240117,11:32:13,2.9,150,38650
20240117,11:33:57,2.85,50,38650
20240117,11:34:11,2.9,50,38650
20240117,11:34:27,2.8,150,38650
20240117,11:40:06,3.0,600,38650
20240117,11:40:19,3.05,2200,38650
20240117,11:40:33,3.1,2250,38650
20240117,11:40:46,3.15,3600,38650
20240117,11:40:59,3.15,100,38650
20240117,11:41:13,3.2,250,38650
20240117,11:41:55,3.25,1800,38650
20240117,11:42:08,3.25,3650,38950
20240117,11:42:48,3.25,50,38950
20240117,11:43:03,3.4,150,38950
20240117,11:43:19,3.45,350,38950
20240117,11:45:00,3.45,250,38950
20240117,11:45:13,3.45,200,41450
20240117,11:46:06,3.55,2000,41450
20240117,11:46:20,3.55,1250,41450
20240117,11:47:38,3.65,850,41450
20240117,11:48:18,3.65,250,42300
20240117,11:48:32,3.6,250,42300
20240117,11:50:03,3.6,100,42300
20240117,11:50:15,3.6,100,42300
20240117,11:50:29,3.65,50,42300
20240117,11:52:24,3.6,2000,42100
20240117,11:52:38,3.55,5200,42100
20240117,11:53:05,3.55,1050,42100
20240117,11:53:57,3.55,50,42100
20240117,11:55:28,3.55,50,38650
20240117,11:57:20,3.55,1800,38650
20240117,11:57:32,3.55,2000,38650
20240117,11:57:45,3.55,200,38650
20240117,11:57:58,3.5,3400,38650
20240117,11:58:10,3.55,1850,38650
20240117,11:59:41,3.6,250,38650
20240117,12:02:48,3.6,450,39000
20240117,12:03:03,3.85,3150,39000
20240117,12:03:16,3.75,50,39000
20240117,12:03:30,3.8,150,39000
20240117,12:04:22,3.85,200,39000
20240117,12:06:35,3.75,100,41200
20240117,12:08:24,3.7,200,41200
20240117,12:08:52,3.65,1850,41200
20240117,12:09:05,3.7,200,41200
20240117,12:10:09,3.65,100,40550
20240117,12:10:22,3.7,50,40550
20240117,12:10:35,3.7,200,40550
20240117,12:10:48,3.75,2600,40550
20240117,12:11:01,3.7,3400,40550
20240117,12:11:28,3.7,1000,40550
20240117,12:12:06,3.75,50,39050
20240117,12:12:18,3.75,350,39050
20240117,12:14:47,3.7,200,39050
20240117,12:15:02,3.7,150,39050
20240117,12:15:17,3.65,800,38900
20240117,12:15:32,3.65,50,38900
20240117,12:16:41,3.6,50,38900
20240117,12:17:08,3.6,250,38900
20240117,12:17:21,3.6,250,38900
20240117,12:18:02,3.65,200,38900
20240117,12:19:59,3.5,250,38700
20240117,12:23:07,3.5,400,38700
20240117,12:23:31,3.5,850,38700
20240117,12:25:15,3.55,50,38950
20240117,12:26:06,3.55,800,38950
20240117,12:26:57,3.55,200,38950
20240117,12:27:21,3.55,50,38950
20240117,12:27:59,3.6,50,38950
20240117,12:29:30,3.6,1000,38950
20240117,12:33:03,3.55,150,38700
20240117,12:33:15,3.5,200,38700
20240117,12:33:26,3.5,50,38700
20240117,12:34:13,3.45,300,38700
20240117,12:34:37,3.45,50,38700
20240117,12:35:03,3.5,100,38700
20240117,12:39:56,3.5,200,38900
20240117,12:42:05,3.5,500,38700
20240117,12:44:21,3.45,200,38700
20240117,12:44:45,3.5,50,38700
20240117,12:46:12,3.45,100,38900
20240117,12:46:49,3.35,50,38900
20240117,12:49:01,3.3,100,38800
20240117,12:49:24,3.25,600,38800
20240117,12:52:24,3.4,200,38900
20240117,12:52:49,3.4,250,38900
20240117,12:53:14,3.4,250,38900
20240117,12:54:15,3.35,1000,38900
20240117,12:54:28,3.35,250,38900
20240117,12:55:59,3.4,50,38900
20240117,13:00:03,3.35,200,38900
20240117,13:03:32,3.4,100,38750
20240117,13:03:56,3.45,350,38750
20240117,13:04:32,3.45,250,38750
20240117,13:05:20,3.4,100,38750
20240117,13:06:07,3.45,250,38700
20240117,13:06:19,3.4,50,38700
20240117,13:06:31,3.45,250,38700
20240117,13:06:43,3.45,150,38700
20240117,13:08:15,3.5,150,38700
20240117,13:11:42,3.45,50,39200
20240117,13:13:19,3.45,50,39250
20240117,13:13:56,3.45,50,39250
20240117,13:15:35,3.55,50,39250
20240117,13:16:49,3.5,150,39250
20240117,13:17:36,3.45,50,39250
20240117,13:19:37,3.35,700,39100
20240117,13:29:37,3.35,50,39100
20240117,13:30:54,3.4,350,38700
20240117,13:31:05,3.4,50,38700
20240117,13:31:16,3.55,1300,38700
20240117,13:31:27,3.7,3550,38700
20240117,13:31:40,3.65,450,38700
20240117,13:31:51,3.65,250,38700
20240117,13:32:02,3.7,750,38700
20240117,13:32:46,3.75,450,38700
20240117,13:32:57,3.8,450,38700
20240117,13:34:44,3.8,1550,39350
20240117,13:35:16,3.8,450,39350
20240117,13:35:46,3.8,200,39350
20240117,13:37:12,3.8,50,39350
20240117,13:38:10,3.8,400,39350
20240117,13:38:36,3.8,400,39350
20240117,13:39:45,3.7,100,39150
20240117,13:41:57,3.65,450,39150
20240117,13:46:33,3.65,250,39150
20240117,13:48:41,3.65,150,39400
20240117,13:49:44,3.7,750,39400
20240117,13:52:14,3.65,100,39400
20240117,13:52:40,3.7,100,39400
20240117,13:53:04,3.65,100,39400
20240117,13:54:17,3.7,50,39500
20240117,13:54:29,3.7,50,39500
20240117,13:54:41,3.7,200,39500
20240117,13:55:58,3.65,250,39500
20240117,13:56:21,3.65,50,39500
20240117,13:58:40,3.65,250,39300
20240117,13:58:52,3.65,250,39300
20240117,14:13:22,3.65,50,39300
20240117,14:13:33,3.7,50,39300
20240117,14:14:16,3.65,50,39300
20240117,14:16:06,3.65,50,39250
20240117,14:16:17,3.65,50,39250
20240117,14:16:28,3.65,50,39250
20240117,14:17:25,3.6,100,39250
20240117,14:23:13,3.5,100,39250
20240117,14:23:56,3.4,50,39250
20240117,14:24:49,3.4,150,39250
20240117,14:28:22,3.3,100,39250
20240117,14:30:03,3.3,100,39250
20240117,14:31:06,3.45,100,39250
20240117,14:34:00,3.5,50,39150
20240117,14:34:49,3.65,200,39150
20240117,14:37:09,3.55,150,39150
20240117,14:42:38,3.55,100,39150
20240117,14:43:05,3.55,500,39150
20240117,14:43:30,3.55,100,39150
20240117,14:43:44,3.55,500,39150
20240117,14:45:01,3.5,150,39150
20240117,14:45:13,3.5,400,39150
20240117,14:45:26,3.6,50,39150
20240117,14:45:37,3.55,1450,39150
20240117,14:45:49,3.5,50,39150
20240117,14:48:03,3.45,50,39150
20240117,14:50:22,3.45,50,39150
20240117,14:51:30,3.5,50,39150
20240117,14:55:03,3.45,50,39150
20240117,14:55:44,3.35,200,39150
20240117,14:55:57,3.4,50,39150
20240117,14:58:07,3.5,100,39150
20240117,14:58:21,3.45,50,39150
20240117,14:59:15,3.55,450,39150
20240117,14:59:29,3.8,1050,39150
20240117,14:59:42,3.8,3900,39150
20240117,14:59:55,3.75,500,39150
20240117,15:00:09,3.9,500,39150
20240117,15:00:23,3.9,50,39150
20240117,15:00:37,3.9,50,39750
20240117,15:00:52,3.85,50,39750
20240117,15:01:05,3.95,250,39750
20240117,15:01:48,3.95,250,39750
20240117,15:02:02,3.9,250,39750
20240117,15:02:29,3.9,50,39750
20240117,15:03:36,3.95,250,39750
20240117,15:03:49,3.95,300,39750
20240117,15:04:02,3.95,100,39750
20240117,15:04:16,3.95,700,39750
20240117,15:05:24,3.9,50,39750
20240117,15:09:06,3.7,200,39750
20240117,15:09:35,3.55,100,39750
20240117,15:10:16,3.55,50,39750
20240117,15:10:30,3.6,100,39750
20240117,15:14:55,3.4,100,39750
20240117,15:15:09,3.4,150,39750
20240117,15:16:49,3.3,50,39650
20240117,15:17:03,3.35,100,39650
20240117,15:17:45,3.35,50,39650
20240117,15:18:55,3.25,50,39650
20240117,15:19:23,3.2,550,39650
20240117,15:19:37,3.2,950,39650
20240117,15:20:17,3.2,50,39650
20240117,15:20:58,3.25,100,39650
20240117,15:21:27,3.2,100,39750
20240117,15:21:42,3.2,150,39750
20240117,15:21:55,3.25,250,39750
20240117,15:24:57,3.25,50,39750
20240117,15:26:18,3.25,250,39750
20240117,15:27:41,3.2,500,39750
20240117,15:28:10,3.2,50,39750
20240117,15:28:24,3.25,450,39750
20240117,15:28:39,3.2,750,39750
20240117,15:28:53,3.05,500,39750
20240117,15:29:08,3.1,200,39750
20240117,15:29:22,3.05,250,39750
20240117,15:29:36,2.95,150,39750
20240117,15:29:50,2.9,100,39750
20240117,15:30:02,2.85,50,39750
20240118,09:15:14,2.9,1,39750
20240118,09:15:14,3.45,1,39750
20240118,09:15:14,1.1,1600,39750
20240118,09:15:31,3.45,5400,39750
20240118,09:15:48,2.85,50,39750
20240118,09:16:04,3.0,150,39750
20240118,09:16:19,2.75,1100,39750
20240118,09:16:34,2.8,900,39750
20240118,09:16:47,2.75,50,39750
20240118,09:16:59,2.7,500,39750
20240118,09:17:12,2.65,50,39750
20240118,09:17:36,2.6,50,39750
20240118,09:17:48,2.5,50,39750
20240118,09:18:02,2.35,750,39750
20240118,09:18:16,2.4,50,39750
20240118,09:18:30,2.4,400,39750
20240118,09:18:44,2.35,650,39750
20240118,09:19:11,2.25,150,39750
20240118,09:19:23,2.2,200,39750
20240118,09:19:36,2.2,50,39750
20240118,09:19:48,2.1,200,39750
20240118,09:20:13,2.15,150,39750
20240118,09:20:26,2.15,50,39750
20240118,09:20:55,2.15,50,39350
20240118,09:21:08,2.2,400,39350
20240118,09:21:22,2.2,550,39350
20240118,09:21:36,2.1,2400,39350
20240118,09:21:51,2.0,1600,39350
20240118,09:22:06,1.9,1250,39350
20240118,09:22:20,1.95,150,39350
20240118,09:22:34,1.9,1250,39350
20240118,09:22:49,1.95,300,39350
20240118,09:23:03,1.9,50,39350
20240118,09:23:17,1.9,1700,39350
20240118,09:23:32,1.85,1100,39350
20240118,09:23:47,1.85,300,39250
20240118,09:24:02,1.85,2300,39250
20240118,09:24:16,1.85,400,39250
20240118,09:25:29,1.85,300,39250
20240118,09:25:44,1.85,900,39250
20240118,09:26:15,1.9,150,39250
20240118,09:26:30,1.9,1250,39250
20240118,09:26:45,1.9,100,39250
20240118,09:27:59,2.0,50,39500
20240118,09:30:09,1.95,50,39500
20240118,09:30:24,1.9,600,39500
20240118,09:31:37,1.85,50,39500
20240118,09:32:06,1.8,200,39500
20240118,09:32:20,1.75,50,39500
20240118,09:32:49,1.75,100,39500
20240118,09:35:10,1.7,100,39500
20240118,09:35:52,1.7,1000,39400
20240118,09:36:07,1.75,100,39400
20240118,09:38:12,1.7,500,39400
20240118,09:38:53,1.7,50,39350
20240118,09:39:50,1.75,200,39350
20240118,09:40:03,1.75,800,39350
20240118,09:40:57,1.8,50,39350
20240118,09:41:10,1.85,450,39350
20240118,09:41:23,1.9,150,39350
20240118,09:49:58,1.9,250,39900
20240118,09:51:09,1.85,50,39650
20240118,09:52:50,1.85,50,39650
20240118,09:53:41,1.7,50,39650
20240118,09:54:04,1.7,50,39650
20240118,09:55:02,1.75,150,39650
20240118,09:58:55,1.9,50,39600
20240118,09:59:22,1.95,150,39600
20240118,09:59:35,2.0,200,39600
20240118,10:01:36,2.0,550,39600
20240118,10:02:55,2.1,50,39600
20240118,10:03:08,2.05,650,39600
20240118,10:06:21,2.0,500,39850
20240118,10:07:01,2.0,500,39850
20240118,10:07:16,1.5,5950,39850
20240118,10:07:46,1.9,250,39850
20240118,10:08:01,2.0,650,39850
20240118,10:08:29,1.95,100,39850
20240118,10:08:58,2.0,300,39150
20240118,10:09:12,2.0,300,39150
20240118,10:09:57,1.9,300,39150
20240118,10:11:44,1.85,350,39150
20240118,10:13:10,1.85,200,39450
20240118,10:13:24,1.85,200,39450
20240118,10:13:51,1.85,150,39450
20240118,10:15:04,1.85,500,39100
20240118,10:15:19,1.9,350,39100
20240118,10:15:34,1.9,50,39100
20240118,10:15:48,2.0,150,39100
20240118,10:16:03,2.0,50,39100
20240118,10:16:30,1.95,50,39100
20240118,10:16:44,1.95,500,39100
20240118,10:16:59,1.95,100,39100
20240118,10:18:09,1.9,150,39350
20240118,10:18:36,1.95,100,39350
20240118,10:20:11,1.9,50,39350
20240118,10:21:17,1.9,350,39250
20240118,10:21:30,1.95,250,39250
20240118,10:21:58,1.9,100,39250
20240118,10:22:12,1.85,50,39250
20240118,10:23:46,1.8,50,39150
20240118,10:23:59,1.8,50,39150
20240118,10:26:25,1.8,50,39150
20240118,10:27:49,1.8,50,39150
20240118,10:29:25,1.8,50,39150
20240118,10:29:40,1.8,600,39150
20240118,10:31:18,1.8,50,39150
20240118,10:37:04,1.85,50,39150
20240118,10:37:46,1.75,150,39150
20240118,10:38:15,1.75,50,39150
20240118,10:39:13,1.75,300,39200
20240118,10:39:28,1.75,400,39200
20240118,10:39:42,1.7,200,39200
20240118,10:40:12,1.75,50,39200
20240118,10:40:41,1.65,500,39200
20240118,10:40:56,1.65,50,39200
20240118,10:41:11,1.65,600,39200
20240118,10:41:25,1.65,750,39200
20240118,10:41:40,1.7,200,39200
20240118,10:41:55,1.65,200,39000
20240118,10:42:09,1.65,50,39000
20240118,10:42:38,1.65,50,39000
20240118,10:43:55,1.65,50,39000
20240118,10:44:25,1.6,50,39000
20240118,10:44:40,1.6,50,39000
20240118,10:44:56,1.65,250,39000
20240118,10:45:41,1.55,100,39000
20240118,10:46:40,1.55,200,39000
20240118,10:46:55,1.6,200,39000
20240118,10:48:18,1.6,100,39000
20240118,10:49:02,1.55,50,39000
20240118,10:51:13,1.6,50,39000
20240118,10:51:53,1.55,50,39000
20240118,10:52:06,1.6,50,39000
20240118,10:55:36,1.6,100,39000
20240118,10:57:54,1.55,600,39000
20240118,10:59:11,1.5,50,39000
20240118,11:02:14,1.5,250,39000
20240118,11:06:51,1.5,250,39000
20240118,11:12:51,1.5,450,39000
20240118,11:16:17,1.5,250,39000
20240118,11:17:34,1.5,50,39000
20240118,11:27:29,1.6,50,39000
20240118,11:27:43,1.55,50,39000
20240118,11:32:39,1.55,200,39000
20240118,11:34:51,1.5,50,39000
20240118,11:35:29,1.6,50,39000
20240118,11:38:18,1.6,50,39000
20240118,11:39:39,1.55,600,39000
20240118,11:40:02,1.55,300,39000
20240118,11:50:53,1.6,1150,39250
20240118,12:13:52,1.65,50,39000
20240118,12:14:07,1.7,100,39000
20240118,12:22:50,1.5,150,39000
20240118,12:23:05,1.5,50,39000
20240118,12:23:19,1.5,100,39000
20240118,12:24:02,1.5,150,39000
20240118,12:24:18,1.6,1800,39000
20240118,12:26:24,1.5,650,39000
20240118,12:26:37,1.5,50,39000
20240118,12:26:51,1.5,350,39000
20240118,12:28:30,1.55,250,39450
20240118,12:30:35,1.6,50,39450
20240118,12:33:41,1.5,800,39500
20240118,12:33:56,1.5,250,39500
20240118,12:34:11,1.5,250,39500
20240118,12:36:12,1.5,200,39500
20240118,12:36:27,1.5,1300,39500
20240118,12:46:02,1.55,100,40150
20240118,12:56:33,1.45,250,40150
20240118,12:58:18,1.6,50,40150
20240118,13:03:45,1.5,250,40200
20240118,13:04:13,1.5,250,40200
20240118,13:05:22,1.5,300,40200
20240118,13:06:02,1.5,250,40200
20240118,13:11:51,1.45,50,39650
20240118,13:14:22,1.6,50,39650
20240118,13:38:50,1.45,250,39650
20240118,13:45:41,1.7,2750,39650
20240118,13:46:19,1.45,250,39650
20240118,13:46:55,1.45,750,39650
20240118,13:50:06,1.5,100,39800
20240118,13:53:07,1.5,50,39850
20240118,13:53:18,1.5,300,39850
20240118,13:55:40,1.45,150,39500
20240118,13:58:33,1.5,300,39450
20240118,14:07:10,1.5,1000,39200
20240118,14:08:14,1.5,50,39200
20240118,14:15:48,1.5,150,39200
20240118,14:18:11,1.45,50,39200
20240118,14:18:47,1.45,50,39200
20240118,14:26:58,1.5,150,39200
20240118,14:27:11,1.5,100,39200
20240118,14:33:06,1.5,100,39200
20240118,14:34:59,1.5,50,39200
20240118,14:36:45,1.5,600,39200
20240118,14:37:09,1.5,50,39200
20240118,14:37:21,1.5,100,39200
20240118,14:37:34,1.5,350,39200
20240118,14:37:47,1.5,100,39200
20240118,14:38:00,1.5,450,39200
20240118,14:38:14,1.5,50,39200
20240118,14:38:39,1.5,250,39200
20240118,14:38:53,1.5,600,39200
20240118,14:39:08,1.5,200,39200
20240118,14:40:00,1.55,600,39200
20240118,14:40:50,1.6,1600,39200
20240118,14:41:03,1.7,950,39200
20240118,14:41:16,1.7,100,39200
20240118,14:41:31,1.7,50,39200
20240118,14:42:02,1.75,650,39200
20240118,14:42:17,1.8,350,39200
20240118,14:44:50,1.75,150,39050
20240118,14:45:05,1.7,50,39050
20240118,14:45:19,1.7,1400,39050
20240118,14:45:33,1.65,150,39900
20240118,14:46:17,1.7,250,39900
20240118,14:48:48,1.65,700,39750
20240118,14:50:34,1.65,150,39750
20240118,14:50:48,1.65,50,39750
20240118,14:51:02,1.65,200,39750
20240118,14:51:16,1.65,100,39750
20240118,14:51:30,1.6,50,39750
20240118,14:52:54,1.65,150,39750
20240118,14:53:35,1.8,500,39750
20240118,14:59:27,1.8,100,39650
20240118,15:00:05,1.8,50,39650
20240118,15:00:31,1.8,50,39650
20240118,15:01:26,1.75,200,39650
20240118,15:01:40,1.75,100,39650
20240118,15:02:07,1.75,300,39650
20240118,15:02:20,1.7,850,39650
20240118,15:05:49,1.75,250,39650
20240118,15:06:02,1.75,100,39650
20240118,15:06:16,1.85,1950,39650
20240118,15:06:31,1.85,8700,40200
20240118,15:06:45,1.9,300,40200
20240118,15:06:59,1.8,850,40200
20240118,15:07:13,1.85,600,40200
20240118,15:07:27,1.9,800,40200
20240118,15:07:40,1.9,1600,40200
20240118,15:07:54,1.9,750,40200
20240118,15:08:07,1.9,1400,40200
20240118,15:08:21,1.85,900,40200
20240118,15:08:48,1.9,100,40200
20240118,15:09:03,1.95,850,40200
20240118,15:09:17,1.9,300,40200
20240118,15:11:58,1.8,550,48000
20240118,15:12:26,1.85,50,48000
20240118,15:12:39,1.85,50,48000
20240118,15:12:51,1.85,100,48000
20240118,15:14:02,1.85,50,48000
20240118,15:14:31,1.85,50,48000
20240118,15:14:59,1.85,50,48000
20240118,15:15:13,1.8,1450,48000
20240118,15:15:27,1.8,4450,48000
20240118,15:15:42,1.8,200,53800
20240118,15:15:55,1.8,650,53800
20240118,15:16:09,1.75,650,53800
20240118,15:16:23,1.8,650,53800
20240118,15:16:37,1.8,300,53800
20240118,15:16:51,1.8,400,53800
20240118,15:17:05,1.8,150,53800
20240118,15:17:46,1.8,850,53800
20240118,15:18:14,1.75,50,53800
20240118,15:19:22,1.85,2400,55400
20240118,15:19:37,1.85,50,55400
20240118,15:21:14,1.9,100,55400
20240118,15:21:27,1.9,300,55400
20240118,15:21:41,1.9,400,55500
20240118,15:23:04,2.0,350,55500
20240118,15:23:18,1.9,1150,55500
20240118,15:24:14,1.95,350,55500
20240118,15:24:41,1.95,50,56100
20240118,15:24:55,1.95,200,56100
20240118,15:25:36,1.95,700,56100
20240118,15:25:50,1.95,300,56100
20240118,15:26:18,2.0,150,56100
20240118,15:26:32,1.95,450,56100
20240118,15:26:45,1.9,950,56100
20240118,15:26:59,1.95,50,56100
20240118,15:27:13,2.0,50,56100
20240118,15:27:27,2.15,850,56100
20240118,15:28:07,1.95,5950,54900
20240118,15:28:21,1.95,450,54900
20240118,15:28:34,1.95,400,54900
20240118,15:28:48,1.95,1650,54900
20240118,15:29:03,2.0,3050,54900
20240118,15:29:18,2.0,850,54900
20240118,15:29:32,1.9,250,54900
20240118,15:29:47,1.85,500,54900
20240118,15:30:02,1.9,400,54900
20240119,09:15:01,1.8,1,49900
20240119,09:15:01,1.9,750,49900
20240119,09:15:03,1.95,850,49900
20240119,09:15:05,0.95,650,49900
20240119,09:15:06,1.9,2150,49900
20240119,09:15:08,1.9,50,49900
20240119,09:15:13,1.2,900,49900
20240119,09:15:14,1.2,2000,49900
20240119,09:15:16,1.45,300,49900
20240119,09:15:19,1.35,150,49900
20240119,09:15:42,1.5,50,49900
20240119,09:15:45,1.5,300,49900
20240119,09:15:47,1.5,100,49900
20240119,09:15:50,1.55,50,49900
20240119,09:15:55,1.55,50,49900
20240119,09:16:01,1.55,200,49900
20240119,09:16:03,1.55,300,49900
20240119,09:16:09,1.55,100,49900
20240119,09:16:18,1.5,150,49900
20240119,09:16:20,1.55,100,49900
20240119,09:16:23,1.5,150,49900
20240119,09:16:38,1.5,200,49900
20240119,09:16:39,1.5,100,49900
20240119,09:16:48,1.55,50,49900
20240119,09:16:51,1.6,500,49900
20240119,09:16:57,1.6,50,49900
20240119,09:17:00,1.6,250,49900
20240119,09:17:02,1.6,700,49900
20240119,09:17:13,1.6,50,49900
20240119,09:17:15,1.65,350,49900
20240119,09:17:21,1.6,100,49900
20240119,09:17:24,1.65,50,49900
20240119,09:17:29,1.6,500,49900
20240119,09:17:39,1.55,100,50600
20240119,09:17:44,1.6,100,50600
20240119,09:18:01,1.55,1000,50600
20240119,09:18:03,1.55,50,50600
20240119,09:18:14,1.55,100,50600
20240119,09:18:19,1.55,600,50600
20240119,09:18:22,1.6,50,50600
20240119,09:18:33,1.55,300,50600
20240119,09:19:11,1.55,150,50600
20240119,09:19:16,1.55,50,50600
20240119,09:19:40,1.6,50,50600
20240119,09:19:42,1.55,250,50600
20240119,09:19:43,1.55,50,50600
20240119,09:19:44,1.6,50,50600
20240119,09:20:35,1.6,200,50500
20240119,09:21:55,1.6,50,50500
20240119,09:21:57,1.55,50,50500
20240119,09:21:58,1.6,50,50500
20240119,09:22:01,1.6,150,50500
20240119,09:22:05,1.6,150,50500
20240119,09:22:07,1.6,150,50500
20240119,09:22:09,1.6,50,50500
20240119,09:22:13,1.6,300,50500
20240119,09:22:58,1.55,200,50500
20240119,09:23:03,1.6,150,50500
20240119,09:23:41,1.6,250,50850
20240119,09:23:44,1.5,200,50850
20240119,09:23:51,1.55,50,50850
20240119,09:24:00,1.5,200,50850
20240119,09:24:01,1.5,50,50850
20240119,09:24:03,1.5,50,50850
20240119,09:24:05,1.5,100,50850
20240119,09:24:07,1.45,150,50850
20240119,09:24:26,1.45,150,50850
20240119,09:24:59,1.45,100,50850
20240119,09:25:02,1.45,100,50850
20240119,09:25:05,1.45,300,50850
20240119,09:25:49,1.4,50,50850
20240119,09:26:38,1.4,50,50200
20240119,09:27:43,1.45,100,50200
20240119,09:27:47,1.4,50,50200
20240119,09:27:49,1.35,4700,50200
20240119,09:27:50,1.35,250,50200
20240119,09:27:53,1.3,6900,50200
20240119,09:27:55,1.25,200,50200
20240119,09:27:56,1.3,100,50200
20240119,09:27:59,1.25,5300,50200
20240119,09:28:01,1.2,7750,50200
20240119,09:28:02,1.25,250,50200
20240119,09:28:06,1.25,2000,50200
20240119,09:28:11,1.2,750,50200
20240119,09:28:12,1.25,50,50200
20240119,09:28:13,1.25,250,50200
20240119,09:28:14,1.25,350,50200
20240119,09:28:20,1.2,450,50200
20240119,09:28:22,1.2,250,50200
20240119,09:28:27,1.2,1800,50200
20240119,09:28:38,1.2,50,50200
20240119,09:28:41,1.2,1800,50200
20240119,09:28:46,1.2,2150,50200
20240119,09:28:47,1.2,150,50200
20240119,09:28:57,1.2,500,50200
20240119,09:29:00,1.2,50,50200
20240119,09:29:13,1.2,50,50200
20240119,09:29:16,1.2,3050,50200
20240119,09:29:24,1.2,1900,50200
20240119,09:29:28,1.2,250,76200
20240119,09:29:29,1.2,1600,76200
20240119,09:29:46,1.2,550,76200
20240119,09:30:01,1.25,1500,76200
20240119,09:30:07,1.2,1750,76200
20240119,09:30:10,1.2,100,76200
20240119,09:30:13,1.2,50,76200
20240119,09:30:17,1.2,400,76200
20240119,09:30:20,1.15,2800,76200
20240119,09:30:21,1.2,600,76200
20240119,09:30:23,1.2,250,76200
20240119,09:30:24,1.2,200,76200
20240119,09:30:26,1.2,500,76200
20240119,09:30:28,1.2,150,76200
20240119,09:30:29,1.2,150,76200
20240119,09:30:31,1.2,50,76200
20240119,09:30:39,1.2,50,76200
20240119,09:30:48,1.15,50,76200
20240119,09:30:55,1.2,50,76200
20240119,09:31:01,1.25,200,76200
20240119,09:31:05,1.25,50,76200
20240119,09:31:32,1.25,50,76200
20240119,09:31:34,1.25,1500,76200
20240119,09:31:35,1.25,1500,76200
20240119,09:31:37,1.25,1500,76200
20240119,09:31:38,1.25,1500,76200
20240119,09:31:40,1.25,1500,76200
20240119,09:31:50,1.2,600,76200
20240119,09:32:11,1.15,150,76200
20240119,09:32:25,1.25,150,76200
20240119,09:32:34,1.25,50,79500
20240119,09:32:40,1.15,150,79500
20240119,09:32:48,1.2,50,79500
20240119,09:32:51,1.25,50,79500
20240119,09:32:54,1.2,50,79500
20240119,09:33:00,1.2,50,79500
20240119,09:33:19,1.25,400,79500
20240119,09:33:24,1.2,50,79500
20240119,09:33:43,1.25,1000,79500
20240119,09:34:12,1.2,100,79500
20240119,09:34:15,1.25,50,79500
20240119,09:34:21,1.25,50,79500
20240119,09:34:43,1.25,250,79500
20240119,09:34:58,1.25,400,79500
20240119,09:34:59,1.3,2850,79500
20240119,09:35:00,1.3,200,79500
20240119,09:35:07,1.3,1800,79500
20240119,09:35:09,1.3,1800,79500
20240119,09:36:02,1.25,50,79150
20240119,09:36:13,1.25,50,79150
20240119,09:37:07,1.2,50,79150
20240119,09:37:33,1.25,250,79150
20240119,09:37:48,1.2,1800,79150
20240119,09:37:52,1.25,50,79150
20240119,09:37:53,1.2,50,79150
20240119,09:38:03,1.25,150,79150
20240119,09:38:56,1.2,250,80650
20240119,09:39:01,1.25,200,80650
20240119,09:39:44,1.25,400,80650
20240119,09:40:02,1.2,800,80650
20240119,09:40:21,1.25,50,80650
20240119,09:40:24,1.25,100,80650
20240119,09:40:29,1.2,1800,80650
20240119,09:40:31,1.25,50,80650
20240119,09:40:33,1.25,150,80650
20240119,09:40:38,1.2,50,80650
20240119,09:40:42,1.25,100,80650
20240119,09:40:48,1.2,500,80650
20240119,09:41:53,1.2,300,82400
20240119,09:42:13,1.25,250,82400
20240119,09:42:44,1.2,50,82400
20240119,09:42:48,1.25,250,82400
20240119,09:43:44,1.25,50,82400
20240119,09:43:59,1.25,900,82400
20240119,09:44:00,1.25,50,82400
20240119,09:44:15,1.25,500,82400
20240119,09:44:21,1.25,50,82400
20240119,09:44:42,1.3,1500,82300
20240119,09:44:59,1.25,250,82300
20240119,09:45:02,1.25,250,82300
20240119,09:45:40,1.3,1650,82300
20240119,09:47:13,1.25,1650,82300
20240119,09:48:02,1.25,1800,82400
20240119,09:48:14,1.3,50,82400
20240119,09:48:56,1.25,350,82400
20240119,09:50:23,1.3,250,82400
20240119,09:50:36,1.3,4000,82300
20240119,09:50:45,1.25,50,82300
20240119,09:50:49,1.3,300,82300
20240119,09:51:06,1.3,1250,82300
20240119,09:51:08,1.3,50,82300
20240119,09:51:09,1.3,900,82300
20240119,09:51:38,1.3,1050,82300
20240119,09:51:41,1.3,50,82300
20240119,09:51:52,1.3,50,82300
20240119,09:52:26,1.35,50,82300
20240119,09:52:40,1.35,50,82300
20240119,09:53:50,1.35,50,82300
20240119,09:54:00,1.35,100,82300
20240119,09:56:40,1.35,50,82300
20240119,09:59:37,1.3,1750,82300
20240119,10:00:07,1.35,250,82300
20240119,10:02:06,1.35,250,82300
20240119,10:02:18,1.35,500,82300
20240119,10:03:49,1.3,1800,83950
20240119,10:03:59,1.3,1800,83950
20240119,10:04:10,1.3,1800,83950
20240119,10:04:20,1.3,1800,83950
20240119,10:04:22,1.3,2650,83950
20240119,10:04:26,1.3,50,83950
20240119,10:04:39,1.35,50,83950
20240119,10:06:31,1.35,50,90950
20240119,10:07:23,1.35,50,90950
20240119,10:07:46,1.3,50,90950
20240119,10:08:20,1.3,1800,90950
20240119,10:10:02,1.3,650,90950
20240119,10:10:02,1.3,50,92650
20240119,10:10:54,1.3,250,92650
20240119,10:11:08,1.25,50,92650
20240119,10:14:03,1.3,500,92650
20240119,10:14:22,1.3,50,92650
20240119,10:14:31,1.25,3000,92650
20240119,10:15:10,1.25,50,92650
20240119,10:15:49,1.25,500,92650
20240119,10:17:21,1.25,50,92650
20240119,10:18:28,1.3,50,94400
20240119,10:18:42,1.25,200,94400
20240119,10:18:50,1.25,1100,94400
20240119,10:19:17,1.25,150,94400
20240119,10:22:25,1.2,1800,94400
20240119,10:25:09,1.2,100,96200
20240119,10:27:17,1.2,3000,96200
20240119,10:28:40,1.2,200,96200
20240119,10:29:20,1.2,1800,96200
20240119,10:29:29,1.2,50,96200
20240119,10:29:49,1.2,50,96950
20240119,10:30:40,1.15,1950,96950
20240119,10:31:34,1.15,50,96950
20240119,10:32:17,1.15,50,96950
20240119,10:32:26,1.15,500,96950
20240119,10:32:35,1.15,500,96950
20240119,10:32:35,1.15,1000,97750
20240119,10:32:37,1.15,500,97750
20240119,10:32:38,1.15,1000,97750
20240119,10:32:43,1.15,750,97750
20240119,10:32:46,1.15,2950,97750
20240119,10:32:58,1.15,50,97750
20240119,10:33:10,1.15,150,97750
20240119,10:33:22,1.1,200,97750
20240119,10:33:28,1.1,50,97750
20240119,10:33:43,1.1,1000,97750
20240119,10:33:44,1.1,500,97750
20240119,10:33:57,1.15,50,97750
20240119,10:34:09,1.1,150,97750
20240119,10:38:35,1.1,300,97750
20240119,10:38:59,1.15,1500,101650
20240119,10:39:00,1.15,300,101650
20240119,10:39:03,1.1,50,101650
20240119,10:39:04,1.15,300,101650
20240119,10:39:28,1.15,3600,101650
20240119,10:39:29,1.15,9600,101650
20240119,10:39:30,1.15,100,101650
20240119,10:39:34,1.1,50,101650
20240119,10:40:50,1.15,250,101650
20240119,10:41:43,1.15,1000,101650
20240119,10:41:48,1.15,700,101650
20240119,10:41:54,1.15,650,101650
20240119,10:41:55,1.15,1000,101650
20240119,10:41:56,1.15,500,101650
20240119,10:42:14,1.15,500,101650
20240119,10:42:35,1.15,550,101650
20240119,10:43:00,1.15,550,101650
20240119,10:43:18,1.15,900,101650
20240119,10:43:59,1.1,150,101650
20240119,10:44:19,1.15,250,101650
20240119,10:45:52,1.2,10000,103550
20240119,10:45:53,1.2,2050,103550
20240119,10:46:24,1.15,550,103550
20240119,10:47:01,1.2,400,103550
20240119,10:47:11,1.2,500,103550
20240119,10:47:16,1.2,2550,103550
20240119,10:47:25,1.15,550,103550
20240119,10:47:27,1.15,50,103550
20240119,10:47:39,1.15,1200,106200
20240119,10:49:23,1.15,50,106200
20240119,10:50:18,1.2,50,106200
20240119,10:50:35,1.2,250,106200
20240119,10:51:14,1.15,7100,105600
20240119,10:51:15,1.1,5400,105600
20240119,10:51:24,1.15,50,105600
20240119,10:51:31,1.15,50,105600
20240119,10:53:40,1.1,50,103150
20240119,10:54:51,1.1,250,103150
20240119,10:54:53,1.15,250,103150
20240119,10:55:02,1.15,250,103150
20240119,10:55:13,1.1,50,103150
20240119,10:56:13,1.15,50,103150
20240119,10:58:08,1.15,1800,103150
20240119,10:58:09,1.15,1850,103150
20240119,10:58:16,1.2,50,103150
20240119,10:58:43,1.15,50,103150
20240119,10:58:49,1.2,50,103150
20240119,10:59:40,1.15,500,104650
20240119,11:01:51,1.2,50,104650
20240119,11:02:23,1.15,950,104650
20240119,11:02:27,1.15,50,104650
20240119,11:03:03,1.15,900,103150
20240119,11:03:11,1.2,100,103150
20240119,11:04:07,1.15,250,103150
20240119,11:04:14,1.15,50,103150
20240119,11:04:20,1.15,50,103150
20240119,11:04:46,1.15,50,103150
20240119,11:04:47,1.15,50,103150
20240119,11:06:09,1.2,2000,103150
20240119,11:07:10,1.2,1800,103150
20240119,11:07:11,1.2,2300,103150
20240119,11:07:13,1.2,250,103150
20240119,11:07:43,1.2,250,103150
20240119,11:07:45,1.2,1300,103150
20240119,11:07:55,1.2,1250,103150
20240119,11:08:03,1.2,400,103150
20240119,11:08:06,1.25,250,103150
20240119,11:08:45,1.2,50,103150
20240119,11:08:54,1.25,50,104600
20240119,11:09:29,1.2,250,104600
20240119,11:11:01,1.25,250,104600
20240119,11:11:09,1.2,50,104600
20240119,11:11:12,1.25,50,104600
20240119,11:11:16,1.2,50,104600
20240119,11:11:23,1.2,1650,104600
20240119,11:11:26,1.2,1800,104600
20240119,11:11:50,1.2,250,103200
20240119,11:12:02,1.25,250,103200
20240119,11:12:26,1.2,50,103200
20240119,11:14:29,1.2,50,103200
20240119,11:14:51,1.25,50,103150
20240119,11:15:05,1.25,250,103150
20240119,11:15:38,1.25,450,103150
20240119,11:15:45,1.25,800,103150
20240119,11:15:56,1.3,50,103150
20240119,11:16:02,1.25,50,103150
20240119,11:16:53,1.25,1250,103150
20240119,11:18:21,1.25,250,103150
20240119,11:18:25,1.25,800,103150
20240119,11:18:26,1.25,50,103150
20240119,11:19:03,1.3,100,103150
20240119,11:19:20,1.3,50,103150
20240119,11:20:00,1.3,50,103150
20240119,11:23:46,1.3,50,103750
20240119,11:25:03,1.3,250,103750
20240119,11:25:48,1.25,3700,103750
20240119,11:25:48,1.25,850,103750
20240119,11:26:55,1.25,50,103750
20240119,11:27:40,1.25,50,104050
20240119,11:29:43,1.25,150,103950
20240119,11:31:47,1.25,150,103950
20240119,11:36:33,1.25,400,103650
20240119,11:38:35,1.25,250,103650
20240119,11:39:03,1.25,250,103650
20240119,11:39:16,1.3,50,103150
20240119,11:39:20,1.25,250,103150
20240119,11:39:26,1.25,600,103150
20240119,11:39:27,1.25,800,103150
20240119,11:43:45,1.25,50,103150
20240119,11:45:10,1.25,50,103150
20240119,11:45:41,1.2,50,103150
20240119,11:46:30,1.25,50,103150
20240119,11:47:41,1.25,150,103150
20240119,11:47:50,1.25,50,103300
20240119,11:47:54,1.25,50,103300
20240119,11:48:19,1.2,50,103300
20240119,11:51:25,1.25,250,103400
20240119,11:51:43,1.25,1000,103400
20240119,11:52:02,1.2,1000,103400
20240119,11:53:08,1.25,100,103400
20240119,11:54:09,1.2,50,103400
20240119,11:57:19,1.2,50,103350
20240119,12:01:45,1.2,50,103250
20240119,12:04:43,1.25,50,103200
20240119,12:07:25,1.25,250,103200
20240119,12:08:07,1.2,200,103200
20240119,12:09:53,1.25,50,103150
20240119,12:12:29,1.2,50,103150
20240119,12:13:19,1.2,50,103150
20240119,12:17:55,1.2,100,103150
20240119,12:17:57,1.25,50,103150
20240119,12:18:51,1.2,100,103150
20240119,12:19:39,1.2,50,103150
20240119,12:20:25,1.25,50,103150
20240119,12:21:36,1.2,50,103150
20240119,12:22:28,1.2,50,103150
20240119,12:23:14,1.25,100,103150
20240119,12:23:20,1.2,2750,103150
20240119,12:23:28,1.2,1850,103150
20240119,12:25:45,1.2,50,103150
20240119,12:26:18,1.25,200,104050
20240119,12:27:30,1.2,1800,104000
20240119,12:28:08,1.25,550,104000
20240119,12:28:20,1.2,1800,104000
20240119,12:29:07,1.2,1800,104000
20240119,12:30:00,1.2,150,103150
20240119,12:33:48,1.25,1800,103150
20240119,12:33:51,1.25,1800,103150
20240119,12:33:56,1.25,1800,103150
20240119,12:34:03,1.25,1800,103150
20240119,12:34:06,1.25,1800,103150
20240119,12:34:08,1.25,50,103150
20240119,12:34:12,1.25,5750,103150
20240119,12:34:39,1.25,50,103150
20240119,12:34:41,1.25,1800,103150
20240119,12:34:43,1.25,400,103150
20240119,12:36:02,1.3,1800,103150
20240119,12:36:05,1.3,1800,104650
20240119,12:36:07,1.3,1950,104650
20240119,12:36:08,1.3,1800,104650
20240119,12:36:13,1.3,1800,104650
20240119,12:36:16,1.3,1800,104650
20240119,12:36:20,1.3,6300,104650
20240119,12:36:29,1.3,1800,104650
20240119,12:36:36,1.3,550,104650
20240119,12:38:40,1.3,50,104650
20240119,12:38:58,1.35,50,104650
20240119,12:39:09,1.35,400,104150
20240119,12:39:11,1.35,300,104150
20240119,12:40:12,1.3,50,104150
20240119,12:40:22,1.35,50,104150
20240119,12:44:32,1.3,1800,104150
20240119,12:47:14,1.3,100,103150
20240119,12:47:33,1.3,50,103150
20240119,12:48:54,1.35,550,103150
20240119,12:51:13,1.35,550,103150
20240119,12:53:35,1.35,50,103150
20240119,12:54:14,1.35,900,103150
20240119,12:54:20,1.35,1000,103150
20240119,12:54:34,1.3,250,103150
20240119,12:55:47,1.35,50,103150
20240119,12:59:02,1.3,350,103150
20240119,12:59:07,1.3,150,103150
20240119,12:59:07,1.3,50,103150
20240119,13:00:23,1.3,100,103150
20240119,13:01:21,1.3,350,103150
20240119,13:01:31,1.3,400,103150
20240119,13:02:50,1.25,50,103150
20240119,13:06:40,1.3,900,103200
20240119,13:12:59,1.25,250,103200
20240119,13:13:14,1.25,500,103200
20240119,13:14:49,1.3,50,103200
20240119,13:15:05,1.25,250,103200
20240119,13:16:28,1.25,1200,103200
20240119,13:17:08,1.25,50,103200
20240119,13:17:23,1.25,100,103200
20240119,13:17:31,1.25,250,103200
20240119,13:17:33,1.25,2950,103200
20240119,13:17:34,1.25,250,103200
20240119,13:21:14,1.2,1000,104050
20240119,13:23:02,1.2,900,104050
20240119,13:24:42,1.25,50,104050
20240119,13:26:09,1.2,50,103900
20240119,13:26:43,1.25,7700,103900
20240119,13:26:43,1.25,250,103900
20240119,13:26:44,1.25,500,103900
20240119,13:27:05,1.25,800,104150
20240119,13:27:38,1.25,50,104150
20240119,13:27:47,1.25,50,104150
20240119,13:31:36,1.25,250,104850
20240119,13:32:11,1.25,1800,104850
20240119,13:32:11,1.25,8850,104850
20240119,13:32:13,1.25,2500,104850
20240119,13:32:24,1.25,800,104850
20240119,13:32:49,1.25,50,104850
20240119,13:33:13,1.25,50,105450
20240119,13:33:41,1.25,50,105450
20240119,13:33:44,1.25,50,105450
20240119,13:33:56,1.25,50,105450
20240119,13:34:23,1.25,500,105450
20240119,13:35:23,1.25,250,105450
20240119,13:35:43,1.25,250,105450
20240119,13:35:58,1.25,250,104250
20240119,13:36:23,1.25,300,104250
20240119,13:36:33,1.25,500,104250
20240119,13:36:57,1.3,50,104250
20240119,13:37:12,1.25,250,104250
20240119,13:38:56,1.25,50,104250
20240119,13:39:03,1.25,50,103550
20240119,13:40:10,1.3,50,103550
20240119,13:41:31,1.25,100,103550
20240119,13:41:37,1.25,50,103550
20240119,13:41:56,1.25,250,103550
20240119,13:42:14,1.3,50,103550
20240119,13:42:43,1.3,100,103850
20240119,13:43:59,1.25,50,103850
20240119,13:44:20,1.25,50,103850
20240119,13:44:35,1.3,50,103850
20240119,13:44:39,1.25,50,103850
20240119,13:44:44,1.3,50,103850
20240119,13:47:13,1.3,50,103800
20240119,13:47:28,1.25,50,103800
20240119,13:47:44,1.25,400,103800
20240119,13:48:09,1.25,50,103800
20240119,13:48:25,1.25,50,103800
20240119,13:48:37,1.3,50,103800
20240119,13:50:09,1.25,100,103800
20240119,13:50:41,1.25,50,103800
20240119,13:50:54,1.3,50,103800
20240119,13:51:28,1.25,50,103750
20240119,13:51:35,1.25,50,103750
20240119,13:52:07,1.25,100,103750
20240119,13:52:16,1.3,100,103750
20240119,13:53:07,1.25,50,103750
20240119,13:53:28,1.25,50,103750
20240119,13:55:17,1.3,50,103750
20240119,13:56:45,1.3,50,103750
20240119,13:56:57,1.25,50,103750
20240119,13:57:36,1.3,50,103750
20240119,13:59:08,1.25,50,103750
20240119,14:00:08,1.25,50,103750
20240119,14:00:30,1.25,50,103750
20240119,14:01:56,1.3,50,103750
20240119,14:02:04,1.3,50,103750
20240119,14:02:20,1.25,250,103750
20240119,14:02:35,1.3,500,103750
20240119,14:03:32,1.3,750,103250
20240119,14:03:52,1.3,1100,103250
20240119,14:03:58,1.3,50,103250
20240119,14:04:06,1.25,50,103250
20240119,14:07:17,1.25,850,103150
20240119,14:08:02,1.3,50,103150
20240119,14:08:48,1.3,50,103150
20240119,14:11:02,1.3,50,103150
20240119,14:12:17,1.25,50,103150
20240119,14:12:38,1.25,50,103150
20240119,14:14:23,1.3,1800,103150
20240119,14:14:49,1.3,1850,103150
20240119,14:15:25,1.3,50,103150
20240119,14:15:27,1.3,250,106400
20240119,14:16:01,1.3,50,106400
20240119,14:16:59,1.25,50,106400
20240119,14:17:07,1.3,50,106400
20240119,14:17:44,1.3,50,106400
20240119,14:19:44,1.25,50,106400
20240119,14:19:48,1.25,50,106600
20240119,14:22:15,1.25,50,106600
20240119,14:23:36,1.3,50,106500
20240119,14:23:45,1.3,50,106500
20240119,14:24:27,1.3,50,106500
20240119,14:25:20,1.3,50,106450
20240119,14:25:25,1.25,50,106450
20240119,14:25:38,1.3,700,106450
20240119,14:26:03,1.3,50,106450
20240119,14:26:04,1.25,50,106450
20240119,14:29:57,1.3,50,106350
20240119,14:30:59,1.3,50,106350
20240119,14:32:46,1.25,50,106350
20240119,14:33:20,1.25,50,106300
20240119,14:33:26,1.3,50,106300
20240119,14:35:01,1.25,50,106300
20240119,14:35:32,1.3,50,106300
20240119,14:36:06,1.3,50,106200
20240119,14:37:44,1.3,50,106200
20240119,14:38:00,1.3,50,106200
20240119,14:39:57,1.25,250,106200
20240119,14:40:17,1.25,50,106200
20240119,14:41:02,1.25,50,106200
20240119,14:41:13,1.25,50,106200
20240119,14:42:40,1.3,50,106200
20240119,14:44:33,1.3,50,105850
20240119,14:44:45,1.25,1800,105850
20240119,14:44:53,1.25,50,105850
20240119,14:44:54,1.25,250,105850
20240119,14:45:27,1.25,250,103700
20240119,14:46:30,1.3,50,103700
20240119,14:48:14,1.3,50,103950
20240119,14:48:24,1.25,50,103950
20240119,14:49:13,1.25,50,103950
20240119,14:50:19,1.25,350,103950
20240119,14:50:58,1.3,50,103950
20240119,14:51:23,1.25,50,103950
20240119,14:52:12,1.25,500,103950
20240119,14:52:33,1.25,50,103950
20240119,14:53:05,1.3,50,103950
20240119,14:54:23,1.25,250,103900
20240119,14:54:30,1.25,250,103900
20240119,14:55:12,1.3,50,103900
20240119,14:55:23,1.25,50,103900
20240119,14:56:34,1.25,50,103900
20240119,14:56:46,1.3,50,103900
20240119,14:57:24,1.25,50,103300
20240119,14:57:27,1.25,1950,103300
20240119,14:57:30,1.2,50,103300
20240119,14:57:40,1.2,50,103300
20240119,14:57:53,1.2,50,103300
20240119,14:58:06,1.25,50,103300
20240119,14:58:11,1.25,6950,103300
20240119,14:58:16,1.25,250,103300
20240119,14:58:33,1.25,50,103300
20240119,14:58:35,1.25,50,103300
20240119,14:58:36,1.3,50,103300
20240119,14:58:38,1.25,50,103300
20240119,14:58:43,1.25,50,103300
20240119,14:58:45,1.25,50,103300
20240119,14:58:59,1.25,50,103300
20240119,14:59:03,1.25,50,103300
20240119,14:59:35,1.25,1500,103300
20240119,14:59:36,1.3,50,103300
20240119,14:59:42,1.25,50,103300
20240119,14:59:45,1.25,50,103300
20240119,15:00:58,1.3,250,103300
20240119,15:01:02,1.25,50,98750
20240119,15:02:08,1.3,50,98750
20240119,15:02:49,1.3,50,98750
20240119,15:03:44,1.25,50,98700
20240119,15:04:29,1.3,50,98700
20240119,15:04:48,1.25,50,98700
20240119,15:05:20,1.25,250,98700
20240119,15:06:30,1.3,50,98700
20240119,15:06:35,1.25,250,98350
20240119,15:06:39,1.25,750,98350
20240119,15:06:41,1.3,1000,98350
20240119,15:06:45,1.25,50,98350
20240119,15:07:13,1.25,1000,98350
20240119,15:07:15,1.3,50,98350
20240119,15:07:23,1.25,50,98350
20240119,15:07:51,1.3,1500,98350
20240119,15:07:52,1.3,250,98350
20240119,15:08:07,1.25,150,98350
20240119,15:08:13,1.3,50,98350
20240119,15:08:23,1.3,2250,98350
20240119,15:08:36,1.3,50,98350
20240119,15:08:42,1.3,50,98350
20240119,15:08:46,1.3,50,98350
20240119,15:08:57,1.25,50,98350
20240119,15:09:40,1.3,50,98350
20240119,15:10:08,1.25,200,96400
20240119,15:10:49,1.25,50,96400
20240119,15:11:09,1.25,800,96400
20240119,15:11:45,1.3,50,96400
20240119,15:11:49,1.3,20600,96400
20240119,15:11:50,1.3,7800,96400
20240119,15:12:11,1.3,50,102100
20240119,15:12:12,1.3,50,102100
20240119,15:12:15,1.3,50,102100
20240119,15:12:18,1.3,50,102100
20240119,15:12:36,1.3,50,102100
20240119,15:13:28,1.35,300,102100
20240119,15:13:33,1.35,300,102100
20240119,15:13:35,1.3,50,102100
20240119,15:13:46,1.35,300,102100
20240119,15:13:52,1.35,950,102100
20240119,15:13:53,1.35,250,102100
20240119,15:14:00,1.3,150,102100
20240119,15:14:30,1.35,50,102100
20240119,15:14:37,1.3,50,102100
20240119,15:14:46,1.35,400,102100
20240119,15:14:51,1.35,250,102100
20240119,15:15:02,1.3,150,102100
20240119,15:16:49,1.35,50,100450
20240119,15:18:58,1.35,800,100450
20240119,15:19:11,1.35,4150,100500
20240119,15:19:13,1.35,50,100500
20240119,15:19:14,1.35,50,100500
20240119,15:19:15,1.35,50,100500
20240119,15:19:16,1.35,50,100500
20240119,15:19:18,1.35,50,100500
20240119,15:19:19,1.35,50,100500
20240119,15:19:20,1.35,50,100500
20240119,15:19:21,1.35,50,100500
20240119,15:19:23,1.35,50,100500
20240119,15:19:24,1.35,50,100500
20240119,15:19:25,1.35,50,100500
20240119,15:19:28,1.35,50,100500
20240119,15:19:46,1.35,50,100500
20240119,15:20:57,1.4,11650,100500
20240119,15:21:01,1.45,10300,100500
20240119,15:21:04,1.45,2700,100500
20240119,15:21:04,1.45,6350,100500
20240119,15:21:06,1.4,400,100500
20240119,15:21:12,1.45,900,100500
20240119,15:21:20,1.4,50,107500
20240119,15:21:47,1.4,450,107500
20240119,15:21:48,1.45,50,107500
20240119,15:22:07,1.45,4350,107500
20240119,15:22:08,1.5,2350,107500
20240119,15:22:13,1.5,2950,107500
20240119,15:23:31,1.5,150,107500
20240119,15:25:06,1.45,300,107500
20240119,15:25:41,1.8,50,108100
20240119,15:25:42,1.6,2450,108100
20240119,15:25:59,1.55,2000,108100
20240119,15:26:45,1.55,100,108100
20240119,15:26:46,1.55,200,108100
20240119,15:26:52,1.55,50,108100
20240119,15:27:00,1.6,200,108100
20240119,15:27:04,1.65,1450,108100
20240119,15:27:06,1.55,100,108100
20240119,15:27:07,1.55,550,108100
20240119,15:27:35,1.6,50,108100
20240119,15:27:36,1.65,950,110600
20240119,15:27:37,1.55,150,110600
20240119,15:27:38,1.55,750,110600
20240119,15:27:39,1.65,300,110600
20240119,15:27:40,1.55,500,110600
20240119,15:27:41,1.6,100,110600
20240119,15:27:42,1.6,100,110600
20240119,15:27:43,1.6,50,110600
20240119,15:27:44,1.6,50,110600
20240119,15:27:46,1.6,50,110600
20240119,15:27:56,1.6,50,110600
20240119,15:27:58,1.6,50,110600
20240119,15:27:59,1.6,50,110600
20240119,15:28:01,1.6,50,110600
20240119,15:28:23,1.65,200,110600
20240119,15:28:36,1.65,200,110600
20240119,15:28:38,1.65,300,110600
20240119,15:28:59,1.6,50,110600
20240119,15:29:00,1.6,50,110600
20240119,15:29:01,1.6,50,110600
20240119,15:29:07,1.6,50,110600
20240119,15:29:10,1.65,400,110600
20240119,15:29:17,1.65,450,110600
20240119,15:29:19,1.7,50,110600
20240119,15:29:21,1.65,50,110600
20240119,15:29:31,1.55,1000,110600
20240119,15:29:48,1.3,1100,110600
20240119,15:29:54,1.35,50,110600
20240120,09:15:01,1.35,1,110650
20240120,09:15:01,1.35,150,110650
20240120,09:15:04,1.4,100,110650
20240120,09:15:08,1.45,200,110650
20240120,09:15:09,1.45,750,110650
20240120,09:15:11,1.4,100,110650
20240120,09:15:12,1.35,550,110650
20240120,09:15:14,1.3,450,110650
20240120,09:15:17,1.3,500,110650
20240120,09:15:20,1.25,1100,110650
20240120,09:15:21,1.3,750,110650
20240120,09:15:23,1.25,500,110650
20240120,09:15:29,1.35,300,110650
20240120,09:15:30,1.3,500,110650
20240120,09:15:32,1.3,300,110650
20240120,09:15:42,1.3,1150,110650
20240120,09:15:44,1.2,400,110650
20240120,09:15:46,1.2,600,110650
20240120,09:16:03,1.2,50,110650
20240120,09:16:09,1.2,100,110650
20240120,09:16:11,1.2,50,110650
20240120,09:16:17,1.25,100,110650
20240120,09:16:29,1.25,200,110650
20240120,09:16:31,1.3,400,110650
20240120,09:16:35,1.3,250,110650
20240120,09:16:57,1.35,450,110650
20240120,09:17:01,1.35,200,110650
20240120,09:17:04,1.35,200,110650
20240120,09:17:29,1.35,3000,108800
20240120,09:17:45,1.35,2150,108800
20240120,09:18:02,1.4,100,108800
20240120,09:18:20,1.35,2300,108800
20240120,09:18:42,1.35,1100,108800
20240120,09:18:57,1.4,650,108800
20240120,09:19:05,1.4,50,108800
20240120,09:19:59,1.4,1800,108800
20240120,09:20:42,1.4,100,107900
20240120,09:20:51,1.35,500,107900
20240120,09:21:13,1.4,1600,107900
20240120,09:21:20,1.45,100,107900
20240120,09:21:22,1.45,150,107900
20240120,09:21:23,1.45,900,107900
20240120,09:21:24,1.45,250,107900
20240120,09:21:25,1.45,150,107900
20240120,09:21:37,1.4,500,107900
20240120,09:21:40,1.5,1250,107900
20240120,09:21:43,1.45,350,107900
20240120,09:21:47,1.45,1900,107900
20240120,09:21:54,1.45,50,107900
20240120,09:22:14,1.4,100,107900
20240120,09:22:19,1.4,800,107900
20240120,09:22:20,1.45,600,107900
20240120,09:22:42,1.4,550,107900
20240120,09:22:47,1.35,750,107900
20240120,09:23:13,1.4,200,107900
20240120,09:23:26,1.4,500,107900
20240120,09:23:37,1.4,100,106450
20240120,09:23:38,1.4,200,106450
20240120,09:23:40,1.35,50,106450
20240120,09:23:45,1.35,250,106450
20240120,09:23:51,1.4,550,106450
20240120,09:24:04,1.35,50,106450
20240120,09:24:25,1.45,50,106450
20240120,09:24:32,1.45,250,106450
20240120,09:24:38,1.45,50,106450
20240120,09:24:39,1.5,50,106450
20240120,09:24:58,1.5,100,106450
20240120,09:25:03,1.5,50,106450
20240120,09:25:06,1.5,550,106450
20240120,09:25:48,1.45,500,106450
20240120,09:25:52,1.45,9100,106450
20240120,09:25:57,1.45,50,106450
20240120,09:25:58,1.45,1800,106450
20240120,09:26:03,1.45,1800,106450
20240120,09:26:17,1.45,2300,106450
20240120,09:26:22,1.4,2700,106450
20240120,09:26:24,1.4,4350,106450
20240120,09:26:25,1.45,1500,106450
20240120,09:26:26,1.4,1000,106450
20240120,09:26:30,1.45,150,106400
20240120,09:26:34,1.45,1800,106400
20240120,09:26:49,1.4,50,106400
20240120,09:26:50,1.45,100,106400
20240120,09:26:55,1.45,50,106400
20240120,09:27:07,1.45,1300,106400
20240120,09:27:09,1.5,50,106400
20240120,09:27:15,1.5,850,106400
20240120,09:27:16,1.5,50,106400
20240120,09:27:18,1.5,50,106400
20240120,09:27:19,1.5,50,106400
20240120,09:27:25,1.5,50,106400
20240120,09:27:36,1.5,50,106400
20240120,09:27:43,1.55,150,106400
20240120,09:27:48,1.55,1450,106400
20240120,09:28:34,1.5,50,106400
20240120,09:28:42,1.5,800,106400
20240120,09:28:44,1.55,500,106400
20240120,09:28:46,1.55,150,106400
20240120,09:28:58,1.55,50,106400
20240120,09:29:03,1.55,50,106400
20240120,09:29:04,1.55,500,106400
20240120,09:29:09,1.55,50,106400
20240120,09:29:21,1.5,300,106400
20240120,09:29:25,1.55,550,106400
20240120,09:29:27,1.55,50,106400
20240120,09:29:30,1.6,300,107000
20240120,09:29:33,1.6,50,107000
20240120,09:29:37,1.55,50,107000
20240120,09:29:44,1.55,50,107000
20240120,09:29:53,1.55,50,107000
20240120,09:30:19,1.6,500,107000
20240120,09:31:21,1.6,100,107000
20240120,09:31:31,1.6,4350,107000
20240120,09:31:42,1.6,100,107000
20240120,09:31:51,1.6,150,107000
20240120,09:31:57,1.55,900,107000
20240120,09:32:20,1.6,800,107000
20240120,09:32:38,1.55,400,107100
20240120,09:32:41,1.55,1800,107100
20240120,09:32:58,1.55,50,107100
20240120,09:33:37,1.55,1800,107100
20240120,09:33:38,1.55,250,107100
20240120,09:33:47,1.55,300,107100
20240120,09:33:52,1.55,500,107100
20240120,09:34:01,1.5,50,107100
20240120,09:34:13,1.55,50,107100
20240120,09:34:15,1.55,50,107100
20240120,09:34:28,1.5,50,107100
20240120,09:34:57,1.55,300,107100
20240120,09:35:23,1.55,50,107100
20240120,09:35:25,1.55,2400,107100
20240120,09:35:26,1.55,50,107100
20240120,09:35:43,1.5,50,107000
20240120,09:35:44,1.55,250,107000
20240120,09:36:00,1.5,600,107000
20240120,09:36:07,1.55,50,107000
20240120,09:36:09,1.5,50,107000
20240120,09:36:29,1.55,50,107000
20240120,09:36:34,1.55,50,107000
20240120,09:36:42,1.5,50,107000
20240120,09:36:48,1.55,50,107000
20240120,09:37:13,1.55,50,107000
20240120,09:37:18,1.55,100,107000
20240120,09:37:19,1.55,100,107000
20240120,09:37:32,1.55,1000,107000
20240120,09:38:40,1.5,1500,107000
20240120,09:38:42,1.5,1000,107900
20240120,09:38:43,1.5,400,107900
20240120,09:38:44,1.5,100,107900
20240120,09:38:47,1.5,550,107900
20240120,09:39:10,1.5,2100,107900
20240120,09:39:24,1.55,100,107900
20240120,09:39:33,1.5,50,107900
20240120,09:39:49,1.5,50,107900
20240120,09:39:59,1.5,300,107900
20240120,09:40:16,1.55,350,107900
20240120,09:40:22,1.55,950,107900
20240120,09:40:33,1.55,1850,107900
20240120,09:40:41,1.55,2900,107900
20240120,09:40:42,1.6,100,107900
20240120,09:41:01,1.6,100,107900
20240120,09:41:41,1.6,100,108300
20240120,09:41:56,1.55,300,108300
20240120,09:42:24,1.55,150,108300
20240120,09:42:59,1.55,400,108300
20240120,09:43:08,1.55,100,108300
20240120,09:43:44,1.55,600,108300
20240120,09:44:33,1.6,300,106750
20240120,09:44:48,1.55,50,106750
20240120,09:44:52,1.55,3600,106750
20240120,09:45:01,1.5,1400,106750
20240120,09:45:08,1.55,50,106750
20240120,09:45:10,1.55,50,106750
20240120,09:45:21,1.5,150,106750
20240120,09:46:34,1.55,50,106750
20240120,09:47:05,1.55,50,106750
20240120,09:47:11,1.5,50,106750
20240120,09:47:26,1.5,50,106750
20240120,09:48:07,1.5,1800,103850
20240120,09:48:09,1.5,1500,103850
20240120,09:48:40,1.5,200,103850
20240120,09:48:44,1.5,50,103850
20240120,09:48:49,1.5,850,103850
20240120,09:48:52,1.5,200,103850
20240120,09:48:53,1.5,400,103850
20240120,09:49:01,1.5,750,103850
20240120,09:49:10,1.5,750,103850
20240120,09:49:13,1.5,50,103850
20240120,09:49:27,1.5,500,103850
20240120,09:49:29,1.5,300,103850
20240120,09:49:45,1.5,750,103850
20240120,09:49:51,1.5,750,103850
20240120,09:49:57,1.55,50,103850
20240120,09:50:01,1.5,850,103850
20240120,09:50:26,1.5,750,103850
20240120,09:50:32,1.5,1300,103850
20240120,09:50:32,1.45,250,93750
20240120,09:50:34,1.5,50,93750
20240120,09:50:41,1.45,550,93750
20240120,09:50:48,1.45,100,93750
20240120,09:50:52,1.45,2350,93750
20240120,09:50:53,1.4,1300,93750
20240120,09:51:02,1.4,3000,93750
20240120,09:51:05,1.35,50,93750
20240120,09:51:14,1.4,50,93750
20240120,09:51:50,1.35,300,93750
20240120,09:51:55,1.35,2150,93750
20240120,09:51:56,1.35,50,93750
20240120,09:51:58,1.35,50,93750
20240120,09:52:04,1.35,50,93750
20240120,09:52:06,1.3,50,93750
20240120,09:52:07,1.3,100,93750
20240120,09:52:11,1.3,100,93750
20240120,09:52:41,1.35,100,93750
20240120,09:53:14,1.35,100,93750
20240120,09:53:22,1.3,100,93750
20240120,09:53:46,1.35,50,93750
20240120,09:53:46,1.35,50,92250
20240120,09:53:52,1.35,2700,92250
20240120,09:54:27,1.35,50,92250
20240120,09:54:47,1.35,50,92250
20240120,09:55:25,1.35,350,92250
20240120,09:55:30,1.35,50,92250
20240120,09:55:40,1.35,500,92250
20240120,09:56:06,1.4,50,92250
20240120,09:57:23,1.4,350,92250
20240120,09:58:13,1.4,1550,92250
20240120,09:58:23,1.4,550,92250
20240120,09:59:15,1.4,3300,92250
20240120,09:59:16,1.45,100,92250
20240120,09:59:27,1.45,1300,92250
20240120,09:59:28,1.45,50,92250
20240120,09:59:29,1.45,2500,92250
20240120,09:59:30,1.45,450,92250
20240120,09:59:33,1.45,200,92250
20240120,09:59:38,1.45,1750,93050
20240120,09:59:39,1.45,100,93050
20240120,09:59:40,1.45,100,93050
20240120,09:59:43,1.5,50,93050
20240120,10:00:01,1.45,2500,93050
20240120,10:00:06,1.45,50,93050
20240120,10:00:26,1.45,50,93050
20240120,10:00:31,1.4,100,93050
20240120,10:00:40,1.4,150,93050
20240120,10:01:01,1.4,350,93050
20240120,10:01:56,1.4,50,93050
20240120,10:01:57,1.4,50,93050
20240120,10:02:24,1.4,50,93050
20240120,10:02:52,1.35,50,92500
20240120,10:03:11,1.35,50,92500
20240120,10:03:45,1.35,400,92500
20240120,10:04:26,1.4,100,92500
20240120,10:04:33,1.35,50,92500
20240120,10:04:35,1.4,200,92500
20240120,10:04:49,1.4,200,92500
20240120,10:05:04,1.35,400,92500
20240120,10:05:06,1.4,50,92500
20240120,10:05:18,1.35,200,92500
20240120,10:05:30,1.4,200,92500
20240120,10:07:06,1.35,50,92400
20240120,10:09:10,1.4,100,92350
20240120,10:10:41,1.4,100,92350
20240120,10:10:53,1.35,50,92350
20240120,10:10:55,1.4,100,92350
20240120,10:11:03,1.4,100,92350
20240120,10:11:13,1.4,100,92350
20240120,10:11:32,1.4,150,92350
20240120,10:11:44,1.4,100,92350
20240120,10:11:56,1.4,50,92350
20240120,10:11:59,1.4,200,92350
20240120,10:12:02,1.35,100,92350
20240120,10:12:04,1.4,200,92350
20240120,10:12:10,1.4,200,92350
20240120,10:12:12,1.35,100,92350
20240120,10:12:21,1.4,200,92350
20240120,10:12:22,1.4,100,92350
20240120,10:12:32,1.4,200,92350
20240120,10:12:51,1.4,150,92350
20240120,10:12:52,1.35,50,92350
20240120,10:12:54,1.4,50,92350
20240120,10:13:01,1.35,1550,92350
20240120,10:13:05,1.35,50,92350
20240120,10:13:41,1.3,50,92350
20240120,10:14:15,1.35,50,92350
20240120,10:14:21,1.35,50,92350
20240120,10:14:40,1.3,50,92450
20240120,10:15:46,1.3,50,92450
20240120,10:17:04,1.35,50,92450
20240120,10:17:21,1.3,50,92450
20240120,10:18:06,1.35,50,92500
20240120,10:19:22,1.3,50,92500
20240120,10:21:43,1.3,50,92500
20240120,10:24:30,1.35,50,92600
20240120,10:26:18,1.3,50,92600
20240120,10:26:39,1.3,50,92600
20240120,10:27:34,1.4,1950,92600
20240120,10:27:35,1.4,1550,92600
20240120,10:27:37,1.35,350,92600
20240120,10:28:52,1.35,50,92600
20240120,10:31:22,1.35,50,92600
20240120,10:31:27,1.3,50,92850
20240120,10:32:48,1.3,500,92850
20240120,10:34:07,1.3,100,92950
20240120,10:36:48,1.3,50,92550
20240120,10:36:59,1.3,250,92550
20240120,10:38:23,1.3,100,92550
20240120,10:42:01,1.35,50,92650
20240120,10:43:15,1.3,50,92650
20240120,10:43:35,1.35,50,92650
20240120,10:44:39,1.35,50,92650
20240120,10:45:50,1.3,900,92650
20240120,10:45:53,1.3,600,92650
20240120,10:46:22,1.3,50,92650
20240120,10:46:34,1.35,250,92650
20240120,10:47:08,1.35,50,92650
20240120,10:48:38,1.35,50,93150
20240120,10:48:48,1.3,50,93150
20240120,10:51:33,1.25,50,93150
20240120,10:52:49,1.3,250,93150
20240120,10:52:59,1.3,3000,93150
20240120,10:53:19,1.25,150,93150
20240120,10:54:16,1.25,8500,93650
20240120,10:54:31,1.25,100,93650
20240120,10:55:06,1.2,50,93650
20240120,10:55:10,1.25,800,93650
20240120,10:55:33,1.25,50,93650
20240120,10:55:38,1.25,50,93650
20240120,10:59:45,1.2,50,93650
20240120,11:00:01,1.25,50,101950
20240120,11:00:31,1.25,50,101950
20240120,11:00:48,1.2,150,101950
20240120,11:00:56,1.25,150,101950
20240120,11:01:02,1.25,150,101950
20240120,11:01:10,1.2,50,101950
20240120,11:02:37,1.2,350,101950
20240120,11:03:16,1.2,50,101950
20240120,11:04:23,1.2,50,102350
20240120,11:04:38,1.25,50,102350
20240120,11:04:48,1.25,50,102350
20240120,11:07:13,1.25,50,102350
20240120,11:07:19,1.2,3400,102500
20240120,11:10:09,1.2,50,102400
20240120,11:10:20,1.2,50,102400
20240120,11:10:59,1.15,50,102400
20240120,11:14:15,1.15,50,102350
20240120,11:14:30,1.15,50,102350
20240120,11:15:13,1.15,100,102350
20240120,11:16:17,1.15,50,102350
20240120,11:16:19,1.2,50,102350
20240120,11:16:22,1.2,50,102350
20240120,11:16:29,1.2,50,102350
20240120,11:16:47,1.2,50,102350
20240120,11:17:08,1.2,50,102350
20240120,11:17:13,1.2,50,102350
20240120,11:17:35,1.2,50,102350
20240120,11:17:47,1.2,50,102300
20240120,11:18:27,1.15,50,102300
20240120,11:23:09,1.2,50,102250
20240120,11:26:13,1.2,50,102250
20240120,11:27:21,1.2,50,102250
20240120,11:28:04,1.15,50,102250
20240120,11:28:54,1.15,50,102250
20240120,11:28:55,1.15,50,102250
20240120,11:29:15,1.2,50,102250
20240120,11:30:01,1.2,50,102250
20240120,11:32:17,1.2,850,102150
20240120,11:32:23,1.15,50,102150
20240120,11:33:33,1.2,50,102150
20240120,11:34:39,1.15,50,102150
20240120,11:35:00,1.2,150,102150
20240120,11:36:30,1.2,50,102150
20240120,11:37:07,1.15,50,102150
20240120,11:37:16,1.2,50,102150
20240120,11:38:24,1.15,50,102150
20240120,11:40:45,1.2,50,102150
20240120,11:41:23,1.15,50,102150
20240120,11:42:22,1.15,50,102100
20240120,11:43:58,1.2,50,102100
20240120,11:45:10,1.15,50,102050
20240120,11:47:16,1.15,50,102050
20240120,11:50:19,1.2,50,101950
20240120,11:51:09,1.15,50,101950
20240120,11:51:10,1.15,50,101950
20240120,11:52:00,1.2,1000,101950
20240120,11:52:44,1.2,50,101950
20240120,11:53:25,1.15,50,101950
20240120,11:57:34,1.2,50,100850
20240120,11:59:28,1.15,50,100850
20240120,12:00:24,1.15,50,100850
20240120,12:01:41,1.2,50,100850
20240120,12:02:09,1.15,50,100850
20240120,12:04:44,1.2,50,100850
20240120,12:06:00,1.2,50,100850
20240120,12:07:06,1.15,50,100850
20240120,12:08:23,1.15,50,100850
20240120,12:09:55,1.2,50,100850
20240120,12:11:17,1.15,50,100850
20240120,12:12:10,1.15,150,100850
20240120,12:13:42,1.2,50,100900
20240120,12:14:46,1.2,50,100900
20240120,12:15:34,1.15,50,100900
20240120,12:15:43,1.15,50,101000
20240120,12:15:46,1.2,1800,101000
20240120,12:15:55,1.15,50,101000
20240120,12:15:59,1.15,50,101000
20240120,12:16:19,1.2,50,101000
20240120,12:16:26,1.15,50,101000
20240120,12:16:59,1.15,50,101000
20240120,12:17:43,1.2,50,101000
20240120,12:18:57,1.15,50,99400
20240120,12:20:12,1.2,50,99400
20240120,12:22:44,1.2,50,99400
20240120,12:25:08,1.15,50,99450
20240120,12:29:12,1.2,50,99450
20240120,12:31:00,1.2,50,99450
20240120,12:31:19,1.15,50,99500
20240120,12:32:23,1.15,50,99500
20240120,12:32:32,1.2,150,99500
20240120,12:33:07,1.2,50,99500
20240120,12:34:20,1.15,50,99500
20240120,12:35:20,1.15,150,99500
20240120,12:36:40,1.2,50,99450
20240120,12:36:59,1.2,900,99450
20240120,12:37:49,1.2,900,99450
20240120,12:38:15,1.2,50,99450
20240120,12:38:40,1.2,50,99450
20240120,12:44:57,1.2,800,99800
20240120,12:47:22,1.25,50,99800
20240120,12:48:01,1.25,100,99650
20240120,12:48:12,1.2,50,99650
20240120,12:49:04,1.2,50,99650
20240120,12:50:24,1.25,50,99650
20240120,12:52:25,1.2,50,99700
20240120,12:53:40,1.2,200,99700
20240120,12:54:08,1.25,100,99700
20240120,12:55:57,1.25,250,99700
20240120,13:08:29,1.2,50,99700
20240120,13:16:19,1.25,50,100050
20240120,13:18:12,1.2,50,100100
20240120,13:28:23,1.25,50,100100
20240120,13:30:33,1.25,1000,100150
20240120,13:32:33,1.2,350,100150
20240120,13:37:24,1.2,50,100600
20240120,13:39:30,1.2,100,100600
20240120,13:39:35,1.2,150,100600
20240120,13:41:00,1.2,50,100600
20240120,13:59:03,1.2,50,100600
20240120,14:13:21,1.25,50,100650
20240120,14:14:04,1.2,850,100650
20240120,14:18:58,1.25,50,100650
20240120,14:28:52,1.25,250,100650
20240120,14:29:45,1.25,250,100700
20240120,14:35:46,1.2,500,101200
20240120,14:37:05,1.25,100,101200
20240120,14:39:17,1.25,50,101250
20240120,14:42:09,1.25,300,101250
20240120,14:42:13,1.25,250,101250
20240120,14:42:39,1.25,1800,101250
20240120,14:42:41,1.25,7850,101600
20240120,14:42:42,1.25,250,101600
20240120,14:42:50,1.25,900,101600
20240120,14:42:58,1.25,50,101600
20240120,14:44:31,1.25,100,101600
20240120,14:44:38,1.25,1000,101600
20240120,14:44:48,1.25,200,101600
20240120,14:45:00,1.25,50,101600
20240120,14:45:01,1.25,100,101600
20240120,14:45:06,1.25,450,101600
20240120,14:45:30,1.25,50,109300
20240120,14:45:38,1.25,50,109300
20240120,14:45:39,1.25,1850,109300
20240120,14:45:40,1.25,50,109300
20240120,14:45:41,1.25,1800,109300
20240120,14:45:50,1.2,200,109300
20240120,14:45:56,1.25,1700,109300
20240120,14:45:58,1.3,50,109300
20240120,14:46:00,1.3,50,109300
20240120,14:46:01,1.3,50,109300
20240120,14:46:02,1.3,50,109300
20240120,14:46:04,1.3,100,109300
20240120,14:46:07,1.3,100,109300
20240120,14:46:10,1.3,1800,109300
20240120,14:46:12,1.3,1800,109300
20240120,14:46:13,1.3,3600,109300
20240120,14:46:14,1.3,50,109300
20240120,14:46:15,1.3,1850,109300
20240120,14:46:17,1.3,1400,109300
20240120,14:46:22,1.3,1600,109300
20240120,14:46:59,1.35,1800,109300
20240120,14:47:00,1.35,5650,109300
20240120,14:47:21,1.4,300,109300
20240120,14:47:22,1.35,300,109300
20240120,14:47:27,1.4,250,109300
20240120,14:47:58,1.4,50,109300
20240120,14:48:02,1.4,50,109300
20240120,14:48:03,1.4,50,109300
20240120,14:48:06,1.4,50,109300
20240120,14:48:10,1.4,50,109300
20240120,14:48:34,1.4,1800,109300
20240120,14:48:35,1.4,1800,109250
20240120,14:48:37,1.4,1800,109250
20240120,14:48:38,1.35,1150,109250
20240120,14:50:01,1.4,250,109250
20240120,14:52:28,1.35,100,109250
20240120,14:53:01,1.35,1800,108850
20240120,14:53:06,1.35,700,108850
20240120,14:53:08,1.35,1750,108850
20240120,14:55:48,1.4,200,108800
20240120,14:55:55,1.4,150,108800
20240120,14:56:56,1.35,900,108800
20240120,14:57:53,1.45,2400,109000
20240120,14:57:54,1.45,250,109000
20240120,14:57:55,1.45,250,109000
20240120,14:58:01,1.45,50,109000
20240120,14:58:02,1.45,100,109000
20240120,14:58:09,1.45,100,109000
20240120,14:58:14,1.45,100,109000
20240120,14:58:29,1.5,100,109000
20240120,14:58:31,1.45,50,109000
20240120,14:58:37,1.45,50,109000
20240120,14:59:22,1.45,50,109000
20240120,14:59:24,1.5,150,109000
20240120,14:59:35,1.45,1500,109000
20240120,14:59:40,1.45,50,109000
20240120,15:00:21,1.45,1900,109200
20240120,15:00:23,1.45,250,109200
20240120,15:00:30,1.5,50,109200
20240120,15:01:34,1.45,750,109200
20240120,15:01:48,1.5,250,109200
20240120,15:02:04,1.5,300,109200
20240120,15:02:13,1.5,2250,109200
20240120,15:02:59,1.5,100,109200
20240120,15:03:27,1.5,200,110800
20240120,15:03:32,1.5,100,110800
20240120,15:03:46,1.5,100,110800
20240120,15:03:50,1.45,3900,110800
20240120,15:03:52,1.4,1500,110800
20240120,15:04:56,1.4,50,110800
20240120,15:06:28,1.5,50,109250
20240120,15:06:48,1.5,100,109250
20240120,15:07:28,1.45,350,109250
20240120,15:08:09,1.45,500,109250
20240120,15:08:58,1.5,50,109250
20240120,15:09:13,1.45,150,109250
20240120,15:10:10,1.5,1000,109000
20240120,15:10:21,1.5,650,109000
20240120,15:10:34,1.45,200,109000
20240120,15:10:51,1.5,50,109000
20240120,15:11:15,1.5,500,109000
20240120,15:11:19,1.5,2150,109000
20240120,15:11:37,1.5,550,109000
20240120,15:11:53,1.5,50,109000
20240120,15:11:58,1.5,1750,109000
20240120,15:12:16,1.45,250,109000
20240120,15:12:18,1.45,500,109000
20240120,15:12:52,1.5,500,109000
20240120,15:12:52,1.5,50,108700
20240120,15:13:19,1.5,50,108700
20240120,15:13:22,1.5,850,108700
20240120,15:13:23,1.5,350,108700
20240120,15:13:25,1.5,250,108700
20240120,15:13:28,1.5,1550,108700
20240120,15:13:29,1.5,1300,108700
20240120,15:13:30,1.55,400,108700
20240120,15:14:04,1.55,50,108700
20240120,15:14:57,1.5,350,108700
20240120,15:15:03,1.5,200,108700
20240120,15:15:07,1.5,900,108700
20240120,15:16:32,1.5,100,108700
20240120,15:16:44,1.55,200,108700
20240120,15:17:24,1.45,900,108700
20240120,15:17:29,1.55,1250,108700
20240120,15:18:37,1.45,150,108700
20240120,15:18:42,1.45,50,108700
20240120,15:19:00,1.55,250,108700
20240120,15:19:03,1.55,250,108700
20240120,15:19:31,1.5,50,108700
20240120,15:19:35,1.55,500,108700
20240120,15:19:56,1.5,750,108700
20240120,15:19:57,1.5,1400,108700
20240120,15:20:07,1.55,2400,108700
20240120,15:20:14,1.45,50,108700
20240120,15:20:34,1.55,250,108700
20240120,15:20:37,1.45,200,108700
20240120,15:21:19,1.45,100,108700
20240120,15:21:55,1.55,250,108700
20240120,15:22:04,1.45,400,108700
20240120,15:22:18,1.45,1050,108700
20240120,15:22:19,1.45,50,108700
20240120,15:22:22,1.45,100,108700
20240120,15:22:24,1.45,50,108700
20240120,15:22:32,1.45,50,108700
20240120,15:22:45,1.55,500,108700
20240120,15:22:57,1.55,500,108700
20240120,15:23:30,1.55,500,108700
20240120,15:23:49,1.55,500,108700
20240120,15:24:06,1.55,250,108700
20240120,15:24:23,1.55,1800,108700
20240120,15:24:24,1.55,1800,108700
20240120,15:24:25,1.55,1800,108700
20240120,15:24:28,1.55,750,108700
20240120,15:24:40,1.55,50,108700
20240120,15:24:48,1.6,500,108700
20240120,15:24:57,1.55,500,108700
20240120,15:24:58,1.55,1400,108700
20240120,15:25:07,1.6,50,108700
20240120,15:25:16,1.45,350,108700
20240120,15:25:19,1.45,50,108700
20240120,15:25:20,1.45,50,108700
20240120,15:25:21,1.45,350,108700
20240120,15:25:23,1.45,3650,108700
20240120,15:25:41,1.45,50,108700
20240120,15:25:42,1.45,500,108700
20240120,15:25:47,1.45,250,108700
20240120,15:25:50,1.4,50,108700
20240120,15:25:57,1.4,1500,108700
20240120,15:25:59,1.3,50,108700
20240120,15:26:00,1.4,650,108700
20240120,15:26:06,1.4,600,108700
20240120,15:26:09,1.4,600,108700
20240120,15:26:13,1.45,500,108700
20240120,15:26:24,1.4,400,108700
20240120,15:26:34,1.3,100,108700
20240120,15:26:43,1.25,1000,108700
20240120,15:26:52,1.35,1150,108700
20240120,15:27:01,1.4,500,108700
20240120,15:27:03,1.4,400,108700
20240120,15:27:04,1.4,500,108700
20240120,15:27:04,1.4,700,108700
20240120,15:27:06,1.25,550,108700
20240120,15:27:06,1.3,800,108700
20240120,15:27:08,1.3,700,108700
20240120,15:27:16,1.3,500,108700
20240120,15:27:18,1.25,500,108700
20240120,15:27:21,1.25,750,105200
20240120,15:27:26,1.35,450,105200
20240120,15:27:28,1.3,200,105200
20240120,15:27:38,1.35,450,105200
20240120,15:27:41,1.3,50,105200
20240120,15:27:49,1.4,500,105200
20240120,15:28:06,1.3,700,105200
20240120,15:28:07,1.4,50,105200
20240120,15:28:12,1.4,400,105200
20240120,15:28:17,1.3,200,105200
20240120,15:28:24,1.3,500,105200
20240120,15:28:28,1.4,1100,105200
20240120,15:28:43,1.3,50,105200
20240120,15:28:44,1.25,100,105200
20240120,15:28:46,1.2,350,105200
20240120,15:29:00,1.3,250,105200
20240120,15:29:02,1.25,200,105200
20240120,15:29:03,1.25,50,105200
20240120,15:29:11,1.4,150,105200
20240120,15:29:12,1.4,500,105200
20240120,15:29:14,1.4,500,105200
20240120,15:29:26,1.2,150,105200
20240120,15:29:27,1.1,350,105200
20240120,15:29:28,1.15,100,105200
20240120,15:29:30,1.4,50,105200
20240120,15:29:38,1.1,350,105200
20240120,15:29:39,1.1,250,105200
20240120,15:29:42,1.1,1800,105200
20240120,15:29:44,1.2,400,105200
20240120,15:29:53,1.1,150,105200
20240120,15:29:54,1.4,200,105200
20240120,15:29:57,1.4,450,105200
20240123,09:15:01,1.4,1150,108650
20240123,09:15:02,1.4,250,108650
20240123,09:15:04,1.45,1450,108650
20240123,09:15:06,1.4,1950,108650
20240123,09:15:07,1.5,500,108650
20240123,09:15:08,1.45,100,108650
20240123,09:15:11,1.45,300,108650
20240123,09:15:12,1.05,150,108650
20240123,09:15:14,1.05,400,108650
20240123,09:15:16,1.05,450,108650
20240123,09:15:17,1.35,50,108650
20240123,09:15:19,1.3,50,108650
20240123,09:15:21,1.05,250,108650
20240123,09:15:21,1.15,950,108650
20240123,09:15:24,1.15,650,108650
20240123,09:15:25,1.3,1250,108650
20240123,09:15:28,1.25,50,108650
20240123,09:15:29,1.15,50,108650
20240123,09:15:32,1.1,1150,108650
20240123,09:15:34,1.1,150,108650
20240123,09:15:34,1.1,200,108650
20240123,09:15:38,1.1,100,108650
20240123,09:15:40,1.05,300,108650
20240123,09:16:02,1.0,150,108650
20240123,09:16:06,1.0,300,108650
20240123,09:16:08,1.1,250,108650
20240123,09:16:10,1.1,100,108650
20240123,09:16:14,1.0,150,108650
20240123,09:16:20,1.0,1950,108650
20240123,09:16:22,1.1,650,108650
20240123,09:16:23,1.0,300,108650
20240123,09:16:27,1.0,1350,108650
20240123,09:16:28,0.95,50,108650
20240123,09:16:34,0.95,50,108650
20240123,09:16:36,0.95,500,108650
20240123,09:16:38,1.05,500,108650
20240123,09:16:42,1.05,400,108650
20240123,09:16:49,0.9,1000,108650
20240123,09:16:54,1.05,50,108650
20240123,09:17:15,0.95,250,108650
20240123,09:17:19,0.9,50,108650
20240123,09:17:27,1.0,50,108650
20240123,09:17:28,0.95,50,108650
20240123,09:17:43,0.95,1200,110150
20240123,09:17:44,0.9,200,110150
20240123,09:17:45,0.9,200,110150
20240123,09:17:47,0.9,200,110150
20240123,09:17:49,0.9,200,110150
20240123,09:17:50,0.9,200,110150
20240123,09:17:53,0.85,250,110150
20240123,09:18:11,0.85,50,110150
20240123,09:18:16,0.85,150,110150
20240123,09:18:38,0.95,250,110150
20240123,09:18:43,0.95,50,110150
20240123,09:18:53,0.9,100,110150
20240123,09:19:00,0.95,450,110150
20240123,09:19:03,0.95,100,110150
20240123,09:19:08,0.95,200,110150
20240123,09:19:13,0.9,2250,110150
20240123,09:19:30,0.95,50,110150
20240123,09:19:35,0.9,50,110150
20240123,09:19:38,0.9,50,110150
20240123,09:19:51,0.9,400,110150
20240123,09:19:57,0.95,50,110150
20240123,09:20:23,0.85,50,110150
20240123,09:20:49,0.85,100,109150
20240123,09:20:53,0.95,50,109150
20240123,09:20:55,0.85,650,109150
20240123,09:21:15,0.85,50,109150
20240123,09:21:16,0.85,1800,109150
20240123,09:21:47,0.85,250,109150
20240123,09:22:20,0.85,100,109150
20240123,09:22:39,0.9,50,109150
20240123,09:23:29,0.95,50,109150
20240123,09:23:55,0.85,200,109000
20240123,09:25:01,0.85,1500,109000
20240123,09:25:03,0.85,1650,109000
20240123,09:25:05,0.8,1500,109000
20240123,09:25:08,0.8,900,109000
20240123,09:25:39,0.8,450,109000
20240123,09:25:46,0.8,50,109000
20240123,09:27:00,0.85,400,106500
20240123,09:27:07,0.85,200,106500
20240123,09:27:14,0.85,950,106500
20240123,09:27:16,0.85,50,106500
20240123,09:27:17,0.75,100,106500
20240123,09:27:27,0.8,450,106500
20240123,09:28:05,0.75,50,106500
20240123,09:30:16,0.8,50,106050
20240123,09:32:18,0.75,50,106050
20240123,09:34:32,0.75,250,106050
20240123,09:35:03,0.75,100,106050
20240123,09:35:46,0.75,100,106050
20240123,09:36:04,0.75,500,106050
20240123,09:36:06,0.75,500,106050
20240123,09:36:08,0.75,150,106050
20240123,09:36:23,0.75,100,106050
20240123,09:36:47,0.75,50,106050
20240123,09:37:26,0.7,200,106050
20240123,09:37:41,0.7,50,106050
20240123,09:38:25,0.7,50,106050
20240123,09:39:06,0.75,250,106050
20240123,09:39:08,0.75,150,105650
20240123,09:39:19,0.75,250,105650
20240123,09:39:38,0.75,150,105650
20240123,09:41:44,0.7,250,105400
20240123,09:43:20,0.7,1800,105400
20240123,09:45:08,0.75,50,105400
20240123,09:45:56,0.75,50,105700
20240123,09:47:43,0.7,300,105700
20240123,09:47:58,0.75,1500,105700
20240123,09:49:40,0.75,500,105700
20240123,09:51:10,0.7,1250,105700
20240123,09:51:38,0.75,50,106000
20240123,09:51:55,0.7,100,106000
20240123,09:53:09,0.75,100,106000
20240123,09:53:13,0.75,700,106000
20240123,09:54:36,0.7,50,106000
20240123,09:54:47,0.75,1300,106000
20240123,09:55:20,0.7,550,106000
20240123,09:55:51,0.7,50,106000
20240123,09:56:27,0.7,250,106000
20240123,09:56:40,0.7,550,106500
20240123,09:56:57,0.7,250,106500
20240123,09:57:00,0.7,250,106500
20240123,09:57:11,0.7,250,106500
20240123,09:57:14,0.7,250,106500
20240123,09:57:40,0.7,400,106500
20240123,09:58:01,0.7,250,106500
20240123,09:58:29,0.7,250,106500
20240123,09:58:48,0.75,250,106500
20240123,09:59:21,0.75,50,106500
20240123,10:00:03,0.7,50,108300
20240123,10:00:33,0.75,50,108300
20240123,10:00:42,0.75,1550,108300
20240123,10:00:47,0.8,500,108300
20240123,10:01:04,0.75,850,108300
20240123,10:01:05,0.75,1000,108300
20240123,10:01:40,0.75,450,108300
20240123,10:01:46,0.8,500,108300
20240123,10:01:53,0.8,400,108300
20240123,10:02:00,0.8,600,108300
20240123,10:02:00,0.8,50,108300
20240123,10:02:40,0.85,500,109450
20240123,10:02:55,0.8,400,109450
20240123,10:03:05,0.85,500,109450
20240123,10:03:33,0.85,400,109450
20240123,10:04:23,0.8,50,109450
20240123,10:04:50,0.8,1800,109450
20240123,10:04:58,0.75,1050,109450
20240123,10:05:04,0.75,50,109450
20240123,10:05:25,0.8,350,109450
20240123,10:05:36,0.8,500,106900
20240123,10:06:31,0.8,250,106900
20240123,10:06:40,0.8,50,106900
20240123,10:06:59,0.8,50,106900
20240123,10:07:51,0.8,250,106900
20240123,10:08:54,0.8,500,106900
20240123,10:09:07,0.8,50,106900
20240123,10:09:30,0.8,1800,106900
20240123,10:09:50,0.75,50,106900
20240123,10:10:42,0.75,50,106900
20240123,10:10:52,0.8,50,106900
20240123,10:11:34,0.8,500,106900
20240123,10:12:14,0.8,50,107200
20240123,10:12:53,0.75,500,107200
20240123,10:13:24,0.8,50,107200
20240123,10:16:14,0.8,50,107200
20240123,10:16:29,0.8,50,107050
20240123,10:18:04,0.75,50,107050
20240123,10:18:44,0.8,50,107050
20240123,10:22:39,0.75,100,107050
20240123,10:24:06,0.8,50,107050
20240123,10:24:59,0.8,1800,107050
20240123,10:24:59,0.8,150,107050
20240123,10:25:25,0.8,50,107050
20240123,10:26:31,0.85,50,107050
20240123,10:26:46,0.85,50,107050
20240123,10:26:52,0.85,50,107600
20240123,10:26:56,0.8,100,107600
20240123,10:29:59,0.85,1500,107600
20240123,10:30:00,0.85,50,107700
20240123,10:30:03,0.85,1000,107700
20240123,10:30:06,0.85,500,107700
20240123,10:30:54,0.85,1050,107700
20240123,10:30:55,0.85,50,107700
20240123,10:31:47,0.85,400,107700
20240123,10:34:04,0.85,50,106650
20240123,10:34:11,0.85,50,106650
20240123,10:34:27,0.85,50,106650
20240123,10:34:57,0.85,50,106650
20240123,10:35:19,0.85,300,106650
20240123,10:36:19,0.85,50,106650
20240123,10:37:16,0.9,50,106350
20240123,10:38:10,0.9,200,106350
20240123,10:38:25,0.85,50,106350
20240123,10:39:11,0.9,1100,106500
20240123,10:39:23,0.85,450,106500
20240123,10:40:21,0.9,350,106500
20240123,10:40:28,0.9,50,106500
20240123,10:40:36,0.95,1500,106500
20240123,10:43:08,0.9,50,106500
20240123,10:43:22,1.0,2200,107200
20240123,10:43:41,0.95,3200,107200
20240123,10:44:33,1.0,150,107200
20240123,10:44:51,1.05,50,105050
20240123,10:45:32,1.05,50,105050
20240123,10:45:33,1.05,100,105050
20240123,10:45:40,1.05,100,105050
20240123,10:45:42,1.05,50,105050
20240123,10:46:04,1.05,150,105050
20240123,10:46:18,1.05,1100,105050
20240123,10:46:52,1.05,50,105050
20240123,10:47:10,1.0,500,105050
20240123,10:48:19,1.0,250,105050
20240123,10:48:20,1.0,500,104700
20240123,10:48:45,1.05,50,104700
20240123,10:48:52,1.05,250,104700
20240123,10:49:58,1.05,250,104700
20240123,10:50:47,1.05,50,103950
20240123,10:51:10,1.05,550,103950
20240123,10:51:27,1.05,250,103950
20240123,10:51:59,1.05,250,103950
20240123,10:52:19,1.05,550,103950
20240123,10:52:47,1.05,50,103950
20240123,10:55:50,1.0,50,102700
20240123,10:58:15,1.0,50,102700
20240123,10:58:50,1.0,250,102700
20240123,10:59:11,1.0,250,102700
20240123,10:59:22,1.05,50,102700
20240123,10:59:26,1.05,50,102700
20240123,10:59:29,1.05,50,102700
20240123,10:59:33,1.05,50,102700
20240123,10:59:37,1.05,50,102700
20240123,10:59:39,1.05,50,102700
20240123,10:59:41,1.0,2100,102700
20240123,11:01:45,1.05,1800,102700
20240123,11:03:26,1.0,50,102650
20240123,11:03:34,1.0,500,100600
20240123,11:03:35,1.0,100,100600
20240123,11:03:43,1.0,50,100600
20240123,11:04:45,1.0,50,100600
20240123,11:05:46,1.05,50,100850
20240123,11:06:29,1.0,50,100850
20240123,11:07:03,1.0,50,100850
20240123,11:08:50,1.0,50,100850
20240123,11:10:09,1.0,2850,100850
20240123,11:10:41,1.0,200,100850
20240123,11:11:02,1.0,250,100850
20240123,11:12:12,1.0,100,101150
20240123,11:13:55,1.0,100,101150
20240123,11:16:05,0.95,2550,101150
20240123,11:16:06,1.0,450,101200
20240123,11:16:34,1.0,50,101200
20240123,11:16:38,1.0,50,101200
20240123,11:16:42,1.0,50,101200
20240123,11:16:47,1.0,50,101200
20240123,11:17:16,1.0,800,101200
20240123,11:18:13,1.0,250,100850
20240123,11:18:20,1.0,250,100850
20240123,11:18:28,1.0,50,100850
20240123,11:18:37,1.0,50,100850
20240123,11:18:40,1.0,50,100850
20240123,11:19:43,1.0,50,100850
20240123,11:19:49,1.0,250,100850
20240123,11:19:52,1.0,500,100850
20240123,11:20:00,1.0,250,100850
20240123,11:20:05,1.0,250,100850
20240123,11:20:43,1.05,1000,100850
20240123,11:21:24,1.05,50,99200
20240123,11:21:36,1.05,50,99200
20240123,11:21:38,1.05,400,99200
20240123,11:21:40,1.1,50,99200
20240123,11:21:41,1.05,250,99200
20240123,11:22:23,1.05,350,99200
20240123,11:23:02,1.1,50,99200
20240123,11:24:48,1.1,1800,98600
20240123,11:26:09,1.05,700,98600
20240123,11:30:13,1.05,50,98600
20240123,11:30:20,1.1,300,97700
20240123,11:30:20,1.1,100,97700
20240123,11:30:57,1.15,300,97700
20240123,11:31:06,1.15,250,97700
20240123,11:31:07,1.15,2400,97700
20240123,11:31:25,1.15,50,97700
20240123,11:31:37,1.15,350,97700
20240123,11:31:52,1.2,3600,97700
20240123,11:31:57,1.15,100,97700
20240123,11:32:01,1.2,400,97700
20240123,11:32:01,1.2,50,97700
20240123,11:32:24,1.15,100,97700
20240123,11:32:25,1.2,250,97700
20240123,11:32:34,1.2,500,97700
20240123,11:33:28,1.2,400,100400
20240123,11:33:47,1.2,100,100400
20240123,11:33:50,1.2,50,100400
20240123,11:33:57,1.2,150,100400
20240123,11:34:07,1.2,50,100400
20240123,11:34:20,1.2,50,100400
20240123,11:34:23,1.2,500,100400
20240123,11:34:42,1.2,350,100400
20240123,11:34:56,1.2,50,100400
20240123,11:34:59,1.2,300,100400
20240123,11:35:11,1.15,100,100400
20240123,11:36:36,1.25,50,101350
20240123,11:36:41,1.25,550,101350
20240123,11:38:02,1.2,50,101350
20240123,11:38:28,1.2,250,101350
20240123,11:39:00,1.3,1800,101350
20240123,11:39:04,1.25,50,100950
20240123,11:39:18,1.25,50,100950
20240123,11:39:21,1.25,200,100950
20240123,11:41:22,1.3,1800,100950
20240123,11:41:26,1.25,50,100950
20240123,11:41:39,1.25,50,100950
20240123,11:41:40,1.25,250,100950
20240123,11:41:50,1.3,3600,103000
20240123,11:42:10,1.25,100,103000
20240123,11:42:18,1.3,300,103000
20240123,11:42:30,1.35,600,103000
20240123,11:42:35,1.3,200,103000
20240123,11:42:35,1.3,1000,103000
20240123,11:42:42,1.3,300,103000
20240123,11:43:16,1.3,100,103000
20240123,11:43:31,1.3,100,103000
20240123,11:43:37,1.3,100,103000
20240123,11:44:07,1.3,200,103000
20240123,11:44:09,1.3,100,103000
20240123,11:44:19,1.3,100,103000
20240123,11:44:23,1.3,150,103000
20240123,11:44:48,1.35,200,103000
20240123,11:45:03,1.3,200,102700
20240123,11:45:34,1.3,300,102700
20240123,11:45:40,1.3,200,102700
20240123,11:45:52,1.3,100,102700
20240123,11:45:54,1.35,1800,102700
20240123,11:45:55,1.3,50,102700
20240123,11:45:56,1.3,250,102700
20240123,11:46:11,1.3,100,102700
20240123,11:46:15,1.35,50,102700
20240123,11:46:15,1.3,100,102700
20240123,11:46:28,1.35,50,102700
20240123,11:46:45,1.3,50,102700
20240123,11:47:08,1.35,50,102700
20240123,11:47:10,1.35,3700,102700
20240123,11:47:27,1.3,100,102700
20240123,11:48:15,1.3,50,107700
20240123,11:49:03,1.35,2750,107700
20240123,11:49:04,1.35,900,107700
20240123,11:49:23,1.35,50,107700
20240123,11:49:28,1.35,2000,107700
20240123,11:49:29,1.35,1800,107700
20240123,11:49:36,1.3,550,107700
20240123,11:49:42,1.3,250,107700
20240123,11:49:45,1.3,550,107700
20240123,11:49:52,1.3,1250,107700
20240123,11:49:54,1.25,400,107700
20240123,11:50:03,1.3,300,107700
20240123,11:50:05,1.3,1100,107700
20240123,11:50:12,1.3,350,107700
20240123,11:50:32,1.35,1650,107700
20240123,11:50:34,1.35,300,107700
20240123,11:51:20,1.3,200,105400
20240123,11:51:31,1.3,200,105400
20240123,11:51:54,1.3,200,105400
20240123,11:52:16,1.3,250,105400
20240123,11:52:44,1.3,200,105400
20240123,11:53:26,1.35,900,105400
20240123,11:53:44,1.35,200,105400
20240123,11:53:45,1.4,1800,105400
20240123,11:53:58,1.35,200,108000
20240123,11:54:11,1.35,50,108000
20240123,11:54:22,1.4,200,108000
20240123,11:54:50,1.4,100,108000
20240123,11:54:51,1.45,1800,108000
20240123,11:54:52,1.4,200,108000
20240123,11:54:56,1.4,50,108000
20240123,11:55:03,1.4,50,108000
20240123,11:55:08,1.4,1850,108000
20240123,11:57:30,1.4,3700,109950
20240123,11:57:44,1.4,300,109950
20240123,11:57:51,1.4,50,109950
20240123,11:57:54,1.4,50,109950
20240123,11:59:24,1.4,50,109950
20240123,11:59:49,1.4,200,109950
20240123,12:00:14,1.4,500,111000
20240123,12:01:38,1.4,150,111000
20240123,12:02:22,1.45,50,111000
20240123,12:02:37,1.45,200,111000
20240123,12:02:38,1.45,200,111000
20240123,12:02:52,1.4,50,110700
20240123,12:02:57,1.45,350,110700
20240123,12:03:00,1.45,600,110700
20240123,12:03:00,1.45,1600,110700
20240123,12:03:24,1.4,50,110700
20240123,12:03:43,1.45,50,110700
20240123,12:03:45,1.45,50,110700
20240123,12:03:56,1.5,200,110700
20240123,12:03:58,1.45,50,110700
20240123,12:04:08,1.45,200,110700
20240123,12:04:24,1.4,50,110700
20240123,12:05:56,1.4,50,111750
20240123,12:06:06,1.45,50,111750
20240123,12:06:22,1.4,100,111750
20240123,12:06:24,1.45,50,111750
20240123,12:06:27,1.45,50,111750
20240123,12:06:44,1.4,50,111750
20240123,12:07:37,1.45,1450,111750
20240123,12:07:44,1.5,50,111750
20240123,12:08:06,1.45,50,111750
20240123,12:08:19,1.5,50,111750
20240123,12:08:50,1.5,100,111750
20240123,12:09:22,1.5,50,112900
20240123,12:09:51,1.5,50,112900
20240123,12:09:52,1.5,50,112900
20240123,12:10:00,1.5,50,112900
20240123,12:10:04,1.5,1800,112900
