date,time,tick_price,volume,open_interest
20240206,12:47:49,2.35,1,1250
20240206,12:47:49,2.3,800,1250
20240206,12:47:56,2.5,350,1250
20240206,12:48:03,2.5,250,1250
20240206,12:48:36,2.5,50,1250
20240206,12:48:46,2.5,50,1250
20240206,12:50:21,2.5,450,1250
20240206,15:06:35,2.7,50,1250
20240206,15:07:36,2.7,700,1250
20240206,15:19:20,2.7,150,1750
20240206,15:19:24,2.7,150,1750
20240206,15:19:29,2.7,200,1750
20240206,15:19:34,2.7,50,1750
20240206,15:19:40,2.7,100,1750
20240206,15:19:45,2.7,50,1750
20240206,15:20:45,2.7,50,1050
20240206,15:24:50,2.7,550,1050
20240207,09:20:26,2.1,1,1600
20240207,09:20:26,2.1,400,1600
20240207,09:21:14,2.15,200,1600
20240207,09:21:24,2.15,200,1600
20240207,09:21:45,2.15,50,1600
20240207,09:31:35,2.15,200,2500
20240207,09:31:46,2.15,400,2500
20240207,09:40:59,2.15,50,2550
20240207,09:47:29,2.1,50,2600
20240207,09:47:47,2.1,50,2600
20240207,09:48:05,2.1,50,2600
20240207,09:48:40,2.1,250,2600
20240207,09:48:49,2.1,50,2600
20240207,09:48:58,2.15,50,2600
20240207,09:49:07,2.1,50,2600
20240207,09:49:16,2.15,50,2600
20240207,09:49:45,2.1,50,2450
20240207,09:50:14,2.1,50,2450
20240207,09:51:58,2.15,50,2450
20240207,09:54:21,2.05,50,2500
20240207,09:58:07,2.0,300,2500
20240207,09:58:28,2.0,100,2500
20240207,10:02:30,2.0,50,2400
20240207,10:11:58,2.0,50,2350
20240207,10:15:50,1.9,150,2300
20240207,10:31:34,1.9,100,2250
20240207,10:42:44,2.05,100,2150
20240207,10:42:51,2.05,50,2150
20240207,10:44:32,2.05,50,2000
20240207,10:44:53,2.05,100,2000
20240207,10:45:04,2.0,50,2000
20240207,10:56:41,1.95,50,1850
20240207,11:21:03,1.95,50,1800
20240207,11:31:06,2.15,50,1800
20240207,12:30:44,1.85,50,1900
20240207,12:31:59,1.85,150,1850
20240207,12:37:35,1.85,50,1850
20240207,12:38:46,1.8,50,1800
20240207,13:43:39,1.8,250,1800
20240207,13:48:56,1.8,50,1800
20240207,14:00:19,1.8,200,1800
20240207,14:17:09,1.7,200,1800
20240207,14:39:15,1.65,250,1800
20240207,14:49:57,1.65,250,1800
20240207,14:50:22,1.65,100,2050
20240207,14:51:36,1.9,200,2050
20240207,14:58:23,1.9,50,2150
20240207,14:59:15,1.7,100,2150
20240207,15:03:35,1.65,250,2250
20240207,15:03:59,1.65,100,2250
20240207,15:04:46,1.85,200,2250
20240207,15:09:38,1.85,50,2600
20240207,15:16:39,1.6,100,2600
20240207,15:17:14,1.6,100,2600
20240207,15:19:07,1.85,250,2700
20240207,15:19:20,1.65,150,2700
20240207,15:22:44,1.6,50,2850
20240207,15:23:01,1.9,100,2850
20240207,15:25:16,1.8,150,2850
20240208,09:15:28,1.8,1,2850
20240208,09:15:28,1.8,50,2850
20240208,09:16:32,2.0,250,2850
20240208,09:16:55,2.0,200,3150
20240208,09:17:20,1.65,50,3150
20240208,09:17:30,1.9,50,3150
20240208,09:17:40,1.6,100,3150
20240208,09:17:50,1.6,100,3150
20240208,09:20:00,1.6,200,3450
20240208,09:21:28,1.55,100,3450
20240208,09:24:23,1.55,50,3750
20240208,09:25:49,1.7,50,3750
20240208,09:29:32,1.55,250,3750
20240208,09:30:10,1.55,50,3750
20240208,09:32:40,1.55,250,4000
20240208,09:37:49,1.55,250,4250
20240208,09:44:37,1.7,50,4500
20240208,09:46:05,1.55,250,4500
20240208,09:52:11,1.55,250,4750
20240208,10:11:23,1.5,50,5000
20240208,10:15:45,1.5,250,4950
20240208,10:16:06,1.75,100,4950
20240208,10:27:06,1.5,50,4950
20240208,10:45:34,1.5,250,4900
20240208,10:58:25,1.5,100,4850
20240208,11:10:54,1.55,100,4850
20240208,11:11:02,1.65,50,4850
20240208,11:22:15,1.5,100,4750
20240208,11:51:50,1.5,100,4750
20240208,12:06:07,1.5,50,4750
20240208,12:20:46,1.5,100,4750
20240208,12:50:22,1.65,50,4850
20240208,13:02:28,1.35,50,4850
20240208,13:03:13,1.3,250,4850
20240208,13:05:02,1.3,250,4850
20240208,13:08:34,1.55,50,5150
20240208,13:11:53,1.5,50,5150
20240208,13:12:15,1.45,100,5150
20240208,13:15:59,1.45,200,5150
20240208,13:16:45,1.45,50,5150
20240208,13:21:10,1.5,50,5150
20240208,13:30:58,1.5,50,5150
20240208,13:31:30,1.4,200,5150
20240208,13:34:09,1.4,100,5350
20240208,13:34:48,1.5,200,5350
20240208,13:40:02,1.5,50,5400
20240208,13:40:47,1.55,200,5400
20240208,13:41:00,1.55,100,5400
20240208,13:41:05,1.6,200,5400
20240208,13:43:54,1.5,200,5800
20240208,13:48:53,1.6,50,5800
20240208,13:49:19,1.5,50,5800
20240208,13:52:22,1.5,50,5850
20240208,13:52:52,1.45,50,5850
20240208,13:53:26,1.45,300,5850
20240208,13:53:41,1.45,50,6050
20240208,14:05:04,1.45,50,6050
20240208,14:13:39,1.6,100,6050
20240208,14:13:53,1.6,100,6050
20240208,14:14:08,1.6,200,6050
20240208,14:14:26,1.65,100,6050
20240208,14:15:25,1.7,100,6350
20240208,14:16:14,1.8,100,6350
20240208,14:16:22,1.85,250,6350
20240208,14:16:38,1.8,100,6350
20240208,14:18:54,1.65,100,6500
20240208,14:22:39,1.65,250,6500
20240208,14:26:41,1.7,300,6750
20240208,14:26:50,1.65,100,6750
20240208,14:27:34,1.85,500,6750
20240208,14:28:39,1.6,50,6750
20240208,14:35:40,1.65,300,7050
20240208,14:37:32,1.7,50,7050
20240208,14:37:49,1.7,50,7050
20240208,14:39:35,1.6,500,6850
20240208,14:49:06,1.7,50,6500
20240208,14:49:30,1.65,50,6500
20240208,14:50:09,1.65,100,6500
20240208,14:50:40,1.6,100,6450
20240208,14:50:48,1.6,50,6450
20240208,15:00:05,1.6,50,6450
20240208,15:01:25,1.65,50,6450
20240208,15:02:03,1.6,100,6450
20240208,15:02:23,1.65,300,6450
20240208,15:05:32,1.6,100,6400
20240208,15:07:35,1.65,150,6400
20240208,15:08:11,1.65,500,6400
20240208,15:08:28,1.5,50,6400
20240208,15:09:11,1.65,50,6350
20240208,15:09:20,1.65,50,6350
20240208,15:09:57,1.5,50,6350
20240208,15:10:14,1.6,50,6350
20240208,15:12:21,1.6,100,6300
20240208,15:14:06,1.65,150,6300
20240208,15:14:15,1.7,100,6300
20240208,15:20:51,1.9,100,6550
20240208,15:21:23,1.65,100,6550
20240208,15:24:54,1.9,50,6750
20240208,15:25:52,1.5,50,6750
20240208,15:28:10,1.95,150,6750
20240208,15:28:55,1.55,50,6750
20240209,09:15:03,1.7,1,6700
20240209,09:15:03,1.7,50,6700
20240209,09:15:04,1.6,100,6700
20240209,09:15:06,1.1,50,6700
20240209,09:15:07,1.1,50,6700
20240209,09:15:09,1.7,300,6700
20240209,09:15:10,1.7,800,6700
20240209,09:15:34,1.5,100,6700
20240209,09:15:41,1.5,150,6700
20240209,09:15:42,1.45,350,6700
20240209,09:15:50,1.5,50,6700
20240209,09:15:52,1.5,200,6700
20240209,09:15:55,1.5,100,6700
20240209,09:16:04,1.45,50,6700
20240209,09:16:18,1.45,100,7800
20240209,09:16:19,1.45,50,7800
20240209,09:16:21,1.5,50,7800
20240209,09:16:26,1.45,100,7800
20240209,09:17:04,1.5,1300,7800
20240209,09:17:30,1.6,3050,7800
20240209,09:17:38,1.7,350,7800
20240209,09:17:50,1.7,150,7800
20240209,09:17:52,1.75,500,7800
20240209,09:17:53,1.8,1050,7800
20240209,09:17:54,1.8,200,7800
20240209,09:17:55,1.85,250,7800
20240209,09:17:57,1.85,50,7800
20240209,09:18:12,1.85,550,7800
20240209,09:18:13,1.85,50,7800
20240209,09:18:22,1.65,300,7800
20240209,09:18:31,1.65,50,7800
20240209,09:18:39,1.65,50,7800
20240209,09:18:48,1.6,200,7800
20240209,09:18:57,1.6,500,7800
20240209,09:19:03,1.55,350,7800
20240209,09:19:22,1.5,350,13600
20240209,09:20:00,1.5,850,13600
20240209,09:20:33,1.45,100,13600
20240209,09:20:45,1.5,250,13600
20240209,09:20:49,1.55,50,13600
20240209,09:20:56,1.5,200,13600
20240209,09:21:05,1.45,550,13600
20240209,09:21:26,1.5,250,13600
20240209,09:21:35,1.5,250,13600
20240209,09:21:43,1.5,100,13600
20240209,09:21:48,1.5,250,13600
20240209,09:21:54,1.55,200,13600
20240209,09:21:57,1.55,900,13600
20240209,09:22:03,1.5,100,13600
20240209,09:22:04,1.55,200,13600
20240209,09:22:07,1.55,50,13600
20240209,09:23:12,1.45,350,13600
20240209,09:23:13,1.45,50,12800
20240209,09:23:20,1.4,50,12800
20240209,09:23:46,1.45,50,12800
20240209,09:23:56,1.4,100,12800
20240209,09:25:10,1.4,50,12800
20240209,09:25:25,1.45,50,12800
20240209,09:25:51,1.35,900,12750
20240209,09:26:04,1.4,100,12750
20240209,09:26:06,1.4,50,12750
20240209,09:26:23,1.4,50,12750
20240209,09:26:24,1.45,1250,12750
20240209,09:26:35,1.4,150,12750
20240209,09:26:37,1.4,50,12750
20240209,09:26:38,1.4,100,12750
20240209,09:26:43,1.45,900,12750
20240209,09:27:58,1.4,200,12750
20240209,09:28:00,1.45,50,12750
20240209,09:28:15,1.45,250,12750
20240209,09:28:18,1.4,150,12750
20240209,09:28:27,1.4,50,13050
20240209,09:28:30,1.4,50,13050
20240209,09:28:35,1.4,100,13050
20240209,09:28:37,1.4,50,13050
20240209,09:29:12,1.4,200,13050
20240209,09:31:51,1.4,1000,12750
20240209,09:33:25,1.4,100,12750
20240209,09:37:00,1.4,50,12950
20240209,09:37:08,1.4,500,12950
20240209,09:37:38,1.35,200,12950
20240209,09:37:43,1.35,200,13500
20240209,09:37:46,1.35,200,13500
20240209,09:38:02,1.35,100,13500
20240209,09:38:55,1.4,4300,13500
20240209,09:38:56,1.45,2900,13500
20240209,09:39:12,1.45,300,13500
20240209,09:39:22,1.45,50,13500
20240209,09:39:26,1.4,200,13500
20240209,09:39:28,1.45,50,13500
20240209,09:39:32,1.45,50,13500
20240209,09:39:33,1.45,50,13500
20240209,09:39:52,1.5,4500,13500
20240209,09:40:04,1.45,2400,13500
20240209,09:40:05,1.45,600,13500
20240209,09:40:18,1.55,50,13500
20240209,09:40:20,1.55,1800,13500
20240209,09:40:29,1.55,2450,13500
20240209,09:40:30,1.55,200,24650
20240209,09:40:31,1.55,100,24650
20240209,09:41:00,1.55,100,24650
20240209,09:41:02,1.55,50,24650
20240209,09:41:06,1.55,1850,24650
20240209,09:41:21,1.6,2150,24650
20240209,09:41:32,1.55,200,24650
20240209,09:41:34,1.6,1800,24650
20240209,09:41:35,1.6,2150,24650
20240209,09:41:44,1.55,600,24650
20240209,09:42:03,1.55,1100,24650
20240209,09:42:42,1.5,800,24650
20240209,09:42:43,1.5,450,24650
20240209,09:43:25,1.5,50,24650
20240209,09:43:38,1.5,50,36100
20240209,09:44:11,1.6,3650,36100
20240209,09:44:12,1.55,300,36100
20240209,09:44:22,1.5,1050,36100
20240209,09:44:23,1.5,250,36100
20240209,09:45:11,1.5,2200,36100
20240209,09:45:12,1.55,1650,36100
20240209,09:45:27,1.6,50,36100
20240209,09:45:31,1.5,50,36100
20240209,09:45:32,1.6,250,36100
20240209,09:45:45,1.55,2400,36100
20240209,09:47:09,1.6,1800,36100
20240209,09:47:09,1.6,2600,44100
20240209,09:47:43,1.55,100,44100
20240209,09:47:47,1.55,1600,44100
20240209,09:47:51,1.55,50,44100
20240209,09:48:01,1.55,50,44100
20240209,09:49:15,1.55,50,44100
20240209,09:49:19,1.55,100,44100
20240209,09:49:20,1.55,50,44100
20240209,09:51:00,1.55,1200,44100
20240209,09:51:43,1.55,300,47950
20240209,09:51:44,1.55,50,47950
20240209,09:51:47,1.55,200,47950
20240209,09:52:07,1.55,2100,47950
20240209,09:52:10,1.55,50,47950
20240209,09:52:47,1.55,400,50600
20240209,09:52:51,1.55,50,50600
20240209,09:53:34,1.5,50,50600
20240209,09:53:54,1.6,150,50600
20240209,09:54:14,1.6,1000,50600
20240209,09:54:19,1.55,700,50600
20240209,09:54:22,1.55,50,50600
20240209,09:55:17,1.55,50,50600
20240209,09:55:30,1.5,1000,50600
20240209,09:56:03,1.55,50,51650
20240209,09:56:16,1.5,250,51650
20240209,09:56:17,1.5,900,51650
20240209,09:56:19,1.5,50,51650
20240209,09:56:26,1.5,50,51650
20240209,09:56:30,1.5,50,51650
20240209,09:57:17,1.55,50,51650
20240209,09:59:17,1.55,200,51650
20240209,09:59:17,1.55,1250,50750
20240209,09:59:21,1.6,400,50750
20240209,09:59:22,1.55,950,50750
20240209,09:59:24,1.55,200,50750
20240209,09:59:29,1.55,400,50750
20240209,09:59:30,1.55,300,50750
20240209,09:59:39,1.6,4850,50750
20240209,09:59:41,1.65,150,50750
20240209,09:59:42,1.6,1100,50750
20240209,09:59:43,1.6,1000,50750
20240209,09:59:51,1.65,150,50750
20240209,09:59:52,1.6,50,50750
20240209,10:00:01,1.55,300,50750
20240209,10:00:05,1.6,2100,50750
20240209,10:00:05,1.6,1400,50750
20240209,10:00:12,1.6,50,50750
20240209,10:00:13,1.6,600,50750
20240209,10:00:15,1.6,500,50750
20240209,10:00:23,1.6,400,50750
20240209,10:00:28,1.6,200,50750
20240209,10:00:33,1.7,1250,50750
20240209,10:00:34,1.65,400,50750
20240209,10:00:55,1.7,3600,50750
20240209,10:00:56,1.65,1100,50750
20240209,10:00:57,1.65,450,50750
20240209,10:01:05,1.7,3250,50750
20240209,10:01:06,1.7,3350,50750
20240209,10:01:07,1.7,900,50750
20240209,10:01:10,1.75,750,50750
20240209,10:01:11,1.75,450,50750
20240209,10:01:12,1.75,2100,50750
20240209,10:01:13,1.75,700,50750
20240209,10:01:14,1.7,1000,50750
20240209,10:01:15,1.75,300,50750
20240209,10:01:18,1.75,350,50750
20240209,10:01:20,1.75,300,50750
20240209,10:01:21,1.75,650,50750
20240209,10:01:22,1.75,5900,50750
20240209,10:01:24,1.7,200,69650
20240209,10:01:27,1.8,50,69650
20240209,10:01:29,1.7,800,69650
20240209,10:01:32,1.7,1000,69650
20240209,10:01:37,1.7,1000,69650
20240209,10:01:38,1.7,50,69650
20240209,10:01:39,1.7,50,69650
20240209,10:01:40,1.7,1150,69650
20240209,10:01:41,1.7,800,69650
20240209,10:01:44,1.7,400,69650
20240209,10:01:59,1.7,50,69650
20240209,10:02:02,1.65,550,69650
20240209,10:02:05,1.65,550,69650
20240209,10:02:06,1.65,1800,69650
20240209,10:02:12,1.7,250,69650
20240209,10:02:28,1.65,150,69650
20240209,10:02:32,1.65,50,69650
20240209,10:02:37,1.6,50,69650
20240209,10:02:47,1.6,200,69650
20240209,10:02:57,1.55,50,69650
20240209,10:02:59,1.55,1800,69650
20240209,10:03:00,1.55,100,69650
20240209,10:03:32,1.55,50,69650
20240209,10:03:33,1.55,50,69650
20240209,10:03:48,1.55,200,69650
20240209,10:03:49,1.55,4950,69650
20240209,10:04:00,1.55,250,69650
20240209,10:04:06,1.55,1000,69650
20240209,10:04:07,1.55,50,69650
20240209,10:04:49,1.55,50,69650
20240209,10:04:51,1.55,50,77750
20240209,10:04:52,1.55,50,77750
20240209,10:04:54,1.55,100,77750
20240209,10:04:56,1.55,1100,77750
20240209,10:05:49,1.55,500,77750
20240209,10:06:19,1.55,5000,77750
20240209,10:06:19,1.55,1200,77750
20240209,10:07:02,1.5,250,77750
20240209,10:07:13,1.5,2000,77750
20240209,10:07:37,1.5,1200,77750
20240209,10:07:37,1.5,800,81100
20240209,10:08:10,1.5,1600,81100
20240209,10:08:23,1.5,50,81100
20240209,10:08:32,1.5,50,81100
20240209,10:08:42,1.5,400,81100
20240209,10:09:04,1.5,200,81100
20240209,10:10:15,1.5,200,81100
20240209,10:10:43,1.5,250,82750
20240209,10:10:47,1.5,100,82750
20240209,10:10:57,1.5,250,82750
20240209,10:11:06,1.5,100,82750
20240209,10:11:22,1.5,1800,82750
20240209,10:11:25,1.5,250,82750
20240209,10:11:26,1.5,1050,82750
20240209,10:14:10,1.55,1800,79750
20240209,10:15:49,1.5,100,79750
20240209,10:15:50,1.55,650,79750
20240209,10:15:57,1.5,200,79750
20240209,10:16:07,1.55,50,79750
20240209,10:16:08,1.55,1800,79750
20240209,10:16:22,1.55,300,79750
20240209,10:16:26,1.55,100,77850
20240209,10:18:23,1.55,1800,77850
20240209,10:18:44,1.55,300,77850
20240209,10:19:03,1.6,1800,77850
20240209,10:19:36,1.6,1800,77850
20240209,10:19:51,1.6,700,80750
20240209,10:19:53,1.65,650,80750
20240209,10:19:54,1.65,350,80750
20240209,10:19:55,1.6,2050,80750
20240209,10:20:01,1.7,1700,80750
20240209,10:20:01,1.7,3600,80750
20240209,10:20:33,1.7,50,80750
20240209,10:20:36,1.7,50,80750
20240209,10:21:02,1.7,1800,80750
20240209,10:21:05,1.65,500,80750
20240209,10:21:06,1.7,100,80750
20240209,10:21:11,1.7,1800,80750
20240209,10:21:19,1.55,10000,80750
20240209,10:21:24,1.55,50,80750
20240209,10:21:28,1.6,50,80750
20240209,10:21:35,1.6,3600,80750
20240209,10:21:39,1.55,500,80750
20240209,10:23:35,1.6,1800,80750
20240209,10:24:37,1.6,1100,82050
20240209,10:25:44,1.6,250,82050
20240209,10:25:56,1.6,2300,84250
20240209,10:25:57,1.6,2300,84250
20240209,10:25:59,1.6,100,84250
20240209,10:26:00,1.6,100,84250
20240209,10:26:03,1.6,400,84250
20240209,10:27:02,1.65,50,84250
20240209,10:29:12,1.65,50,85400
20240209,10:29:39,1.6,50,85400
20240209,10:30:08,1.6,50,85400
20240209,10:30:14,1.6,50,85400
20240209,10:31:32,1.6,50,85450
20240209,10:33:32,1.65,50,85450
20240209,10:33:38,1.65,50,85450
20240209,10:33:59,1.65,50,85450
20240209,10:34:40,1.65,300,85450
20240209,10:34:53,1.6,1000,85450
20240209,10:37:27,1.6,50,85450
20240209,10:37:52,1.6,250,85450
20240209,10:38:00,1.6,500,86250
20240209,10:38:56,1.6,50,86250
20240209,10:41:22,1.55,50,86250
20240209,10:41:25,1.55,50,85450
20240209,10:41:40,1.55,50,85450
20240209,10:43:11,1.55,100,85450
20240209,10:43:25,1.55,50,85450
20240209,10:44:01,1.6,50,85500
20240209,10:44:42,1.55,150,85500
20240209,10:45:11,1.6,50,85500
20240209,10:46:34,1.6,50,85500
20240209,10:46:53,1.6,50,85500
20240209,10:46:54,1.6,50,85500
20240209,10:47:19,1.6,50,85500
20240209,10:48:08,1.55,1800,85500
20240209,10:48:52,1.55,250,85500
20240209,10:49:06,1.55,250,85500
20240209,10:49:26,1.5,100,85500
20240209,10:49:40,1.5,1000,86800
20240209,10:49:42,1.5,1850,86800
20240209,10:49:44,1.45,1800,86800
20240209,10:50:07,1.45,1800,86800
20240209,10:50:09,1.45,1950,86800
20240209,10:50:26,1.45,3050,86800
20240209,10:50:27,1.45,1700,86800
20240209,10:50:37,1.45,3100,86800
20240209,10:50:38,1.45,1550,86800
20240209,10:50:43,1.45,1100,86800
20240209,10:50:52,1.4,3750,86800
20240209,10:50:53,1.4,600,86800
20240209,10:50:59,1.4,1800,86800
20240209,10:51:02,1.4,1000,86800
20240209,10:51:03,1.4,3300,86800
20240209,10:51:04,1.4,50,86800
20240209,10:51:06,1.4,1800,86800
20240209,10:51:07,1.4,1400,86800
20240209,10:51:13,1.45,50,86800
20240209,10:51:14,1.4,1250,86800
20240209,10:51:32,1.4,1800,86800
20240209,10:51:34,1.4,50,86800
20240209,10:51:36,1.4,1800,86800
20240209,10:51:44,1.35,1800,86800
20240209,10:51:45,1.35,3400,86800
20240209,10:51:52,1.4,50,86800
20240209,10:52:06,1.35,250,86800
20240209,10:52:07,1.35,50,86800
20240209,10:52:08,1.35,50,86800
20240209,10:52:16,1.35,50,86800
20240209,10:52:22,1.35,50,86800
20240209,10:53:10,1.3,1800,94750
20240209,10:53:12,1.35,1800,94750
20240209,10:53:13,1.35,50,94750
20240209,10:53:15,1.35,1800,94750
20240209,10:54:04,1.35,150,94750
20240209,10:54:06,1.35,100,94750
20240209,10:54:21,1.35,50,94750
20240209,10:54:42,1.3,650,94750
20240209,10:54:44,1.3,2250,94750
20240209,10:54:45,1.3,50,94750
20240209,10:54:47,1.3,50,94750
20240209,10:54:51,1.3,100,94750
20240209,10:55:05,1.25,1800,94750
20240209,10:55:51,1.25,2150,93050
20240209,10:56:05,1.25,600,93050
20240209,10:56:06,1.2,3900,93050
20240209,10:56:08,1.2,1800,93050
20240209,10:56:09,1.25,250,93050
20240209,10:56:11,1.25,50,93050
20240209,10:58:08,1.2,1800,93050
20240209,10:58:13,1.2,50,93050
20240209,10:58:25,1.2,1050,93050
20240209,10:58:26,1.2,1000,93050
20240209,10:58:47,1.2,100,93050
20240209,10:58:53,1.2,750,87950
20240209,10:59:02,1.2,1700,87950
20240209,10:59:11,1.2,1950,87950
20240209,10:59:20,1.2,50,87950
20240209,10:59:50,1.15,1000,87950
20240209,10:59:52,1.15,50,87950
20240209,11:00:58,1.15,750,87950
20240209,11:00:58,1.15,50,87950
20240209,11:00:59,1.15,300,87950
20240209,11:02:28,1.2,50,90050
20240209,11:02:33,1.2,50,90050
20240209,11:03:17,1.15,50,90050
20240209,11:03:38,1.2,500,90050
20240209,11:03:50,1.15,50,90050
20240209,11:04:33,1.15,50,90050
20240209,11:04:52,1.15,500,90250
20240209,11:05:14,1.15,4200,90250
20240209,11:05:15,1.15,3200,90250
20240209,11:05:16,1.15,1150,90250
20240209,11:05:43,1.15,450,90250
20240209,11:06:19,1.1,100,90250
20240209,11:06:30,1.1,50,90250
20240209,11:07:10,1.15,50,90250
20240209,11:07:43,1.15,1500,84950
20240209,11:08:27,1.1,50,84950
20240209,11:08:39,1.1,50,84950
20240209,11:08:40,1.15,500,84950
20240209,11:09:05,1.1,50,84950
20240209,11:09:24,1.15,500,84950
20240209,11:09:57,1.15,1200,84950
20240209,11:09:58,1.15,800,84950
20240209,11:10:19,1.15,50,84950
20240209,11:10:21,1.15,1650,84950
20240209,11:11:00,1.15,50,84750
20240209,11:11:16,1.15,50,84750
20240209,11:11:24,1.15,50,84750
20240209,11:11:32,1.15,250,84750
20240209,11:11:40,1.15,50,84750
20240209,11:11:45,1.15,50,84750
20240209,11:12:03,1.15,250,84750
20240209,11:12:21,1.2,50,84750
20240209,11:12:52,1.2,50,84750
20240209,11:12:56,1.2,1800,84750
20240209,11:13:19,1.2,50,84750
20240209,11:13:27,1.15,50,84750
20240209,11:13:30,1.2,100,84750
20240209,11:13:37,1.2,50,87100
20240209,11:13:43,1.15,50,87100
20240209,11:13:50,1.2,50,87100
20240209,11:14:03,1.15,50,87100
20240209,11:15:42,1.15,50,87100
20240209,11:16:13,1.15,50,87100
20240209,11:16:54,1.2,250,87100
20240209,11:17:05,1.2,50,87100
20240209,11:19:01,1.2,50,87100
20240209,11:19:28,1.2,50,87100
20240209,11:19:40,1.2,500,87100
20240209,11:19:55,1.2,50,86900
20240209,11:20:43,1.2,100,86900
20240209,11:20:52,1.2,300,86900
20240209,11:21:20,1.2,250,86900
20240209,11:23:55,1.15,50,86900
20240209,11:24:17,1.15,50,85900
20240209,11:24:41,1.2,50,85900
20240209,11:25:06,1.15,50,85900
20240209,11:25:50,1.2,50,85900
20240209,11:26:15,1.15,50,85900
20240209,11:26:16,1.2,50,85900
20240209,11:26:44,1.2,100,85900
20240209,11:27:09,1.15,50,85900
20240209,11:28:11,1.2,150,85900
20240209,11:28:59,1.2,50,85900
20240209,11:30:26,1.15,50,85900
20240209,11:30:47,1.2,100,85900
20240209,11:31:31,1.15,500,85900
20240209,11:31:42,1.2,250,85850
20240209,11:31:55,1.2,50,85850
20240209,11:32:16,1.25,200,85850
20240209,11:33:18,1.2,600,85850
20240209,11:33:19,1.2,950,85850
20240209,11:33:23,1.2,50,85850
20240209,11:33:43,1.2,50,85850
20240209,11:33:48,1.15,50,85850
20240209,11:33:58,1.2,50,85850
20240209,11:34:23,1.2,50,85850
20240209,11:34:41,1.2,50,87050
20240209,11:35:05,1.15,50,87050
20240209,11:35:28,1.15,50,87050
20240209,11:35:47,1.2,50,87050
20240209,11:37:37,1.15,50,87050
20240209,11:38:34,1.15,950,87100
20240209,11:38:46,1.15,100,87100
20240209,11:39:24,1.15,100,87100
20240209,11:39:47,1.1,100,87100
20240209,11:40:08,1.15,250,87100
20240209,11:40:29,1.15,50,87100
20240209,11:40:56,1.15,250,88200
20240209,11:41:06,1.15,50,88200
20240209,11:41:07,1.15,100,88200
20240209,11:43:28,1.15,50,88200
20240209,11:44:26,1.15,50,88400
20240209,11:44:54,1.15,50,88400
20240209,11:45:16,1.15,250,88400
20240209,11:45:27,1.15,50,88400
20240209,11:45:36,1.15,300,88400
20240209,11:45:39,1.15,1800,88400
20240209,11:45:40,1.15,1400,88400
20240209,11:46:09,1.15,1400,88400
20240209,11:48:50,1.2,100,88900
20240209,11:50:31,1.15,1800,88900
20240209,11:51:24,1.2,100,88900
20240209,11:52:02,1.15,100,88900
20240209,11:52:03,1.15,50,88900
20240209,11:52:19,1.1,50,88900
20240209,11:52:35,1.15,50,88900
20240209,11:53:33,1.1,50,88450
20240209,11:54:22,1.15,250,88450
20240209,11:54:52,1.15,50,88450
20240209,11:55:06,1.1,50,88450
20240209,11:55:58,1.15,50,88400
20240209,11:57:14,1.15,1000,88400
20240209,12:00:24,1.15,1800,88900
20240209,12:00:36,1.15,250,88900
20240209,12:02:27,1.15,50,88950
20240209,12:02:38,1.1,100,88950
20240209,12:03:21,1.1,100,88950
20240209,12:03:22,1.1,50,88950
20240209,12:03:56,1.1,50,88950
20240209,12:05:42,1.1,50,88650
20240209,12:06:28,1.15,100,88650
20240209,12:06:33,1.15,100,88650
20240209,12:10:22,1.15,50,88650
20240209,12:10:25,1.15,50,88600
20240209,12:11:47,1.15,50,88700
20240209,12:11:54,1.1,50,88700
20240209,12:11:59,1.15,50,88700
20240209,12:14:35,1.1,50,88750
20240209,12:14:56,1.15,100,88750
20240209,12:15:35,1.15,50,88750
20240209,12:15:47,1.15,50,88750
20240209,12:16:12,1.15,50,88750
20240209,12:16:14,1.15,50,88750
20240209,12:16:18,1.15,100,88750
20240209,12:16:27,1.15,1050,88750
20240209,12:16:37,1.15,50,88750
20240209,12:17:12,1.15,50,88000
20240209,12:17:49,1.15,50,88000
20240209,12:17:50,1.15,50,88000
20240209,12:18:19,1.15,50,88000
20240209,12:18:47,1.15,250,88000
20240209,12:20:10,1.15,50,88000
20240209,12:22:18,1.15,50,88000
20240209,12:22:49,1.2,50,88000
20240209,12:23:27,1.15,1900,88000
20240209,12:24:34,1.15,100,88000
20240209,12:24:46,1.15,50,88000
20240209,12:25:31,1.15,50,88000
20240209,12:27:12,1.1,100,88850
20240209,12:27:41,1.15,50,88850
20240209,12:27:56,1.15,50,88850
20240209,12:29:32,1.15,250,88850
20240209,12:30:58,1.1,1500,88850
20240209,12:33:18,1.15,50,88850
20240209,12:34:22,1.1,100,87450
20240209,12:34:32,1.1,50,87450
20240209,12:35:01,1.1,50,87450
20240209,12:37:26,1.15,700,87350
20240209,12:37:38,1.15,100,87350
20240209,12:38:04,1.15,350,88100
20240209,12:38:56,1.1,800,88100
20240209,12:40:38,1.15,250,88100
20240209,12:40:51,1.1,350,88100
20240209,12:41:02,1.15,50,87700
20240209,12:42:17,1.1,3400,87700
20240209,12:42:23,1.1,350,87700
20240209,12:42:24,1.1,50,87700
20240209,12:42:25,1.1,50,87700
20240209,12:42:32,1.1,50,87700
20240209,12:42:42,1.1,50,87700
20240209,12:42:49,1.1,50,87700
20240209,12:42:49,1.1,350,87700
20240209,12:42:54,1.1,50,87700
20240209,12:42:55,1.1,300,87700
20240209,12:43:25,1.1,50,87700
20240209,12:43:39,1.1,100,87700
20240209,12:43:42,1.1,500,87700
20240209,12:45:01,1.05,2100,87700
20240209,12:45:03,1.05,50,90850
20240209,12:45:10,1.1,250,90850
20240209,12:45:18,1.1,50,90850
20240209,12:47:08,1.1,50,90850
20240209,12:48:35,1.1,50,88700
20240209,12:48:53,1.1,250,88700
20240209,12:49:30,1.1,50,88700
20240209,12:49:37,1.1,250,88700
20240209,12:50:00,1.1,250,88700
20240209,12:50:13,1.1,50,88200
20240209,12:50:38,1.05,750,88200
20240209,12:50:39,1.1,50,88200
20240209,12:50:49,1.1,250,88200
20240209,12:50:55,1.1,50,88200
20240209,12:51:08,1.1,50,88200
20240209,12:51:14,1.1,500,88200
20240209,12:51:43,1.1,50,88200
20240209,12:52:05,1.1,50,88200
20240209,12:52:10,1.05,50,88200
20240209,12:52:16,1.1,500,88200
20240209,12:52:35,1.1,1300,88200
20240209,12:54:20,1.05,50,88200
20240209,12:55:02,1.05,50,87250
20240209,12:55:31,1.1,50,87250
20240209,12:55:49,1.05,50,87250
20240209,12:56:14,1.05,50,87150
20240209,12:57:11,1.1,50,87150
20240209,12:58:48,1.05,1800,87150
20240209,12:58:51,1.05,200,88000
20240209,12:59:24,1.1,50,88000
20240209,13:00:56,1.05,50,88000
20240209,13:00:57,1.1,50,88000
20240209,13:02:07,1.1,300,88000
20240209,13:02:10,1.05,50,87950
20240209,13:03:53,1.05,100,87950
20240209,13:05:23,1.05,1800,87950
20240209,13:06:50,1.05,50,87800
20240209,13:08:03,1.1,100,87800
20240209,13:11:35,1.05,350,86450
20240209,13:11:35,1.05,100,86450
20240209,13:11:39,1.05,50,86450
20240209,13:13:51,1.0,50,86450
20240209,13:13:51,1.0,50,86950
20240209,13:15:14,1.0,50,86950
20240209,13:17:25,1.05,100,86950
20240209,13:19:38,1.0,50,86900
20240209,13:20:37,1.0,50,86900
20240209,13:20:38,1.0,50,86800
20240209,13:21:45,1.0,50,86800
20240209,13:22:03,1.05,300,86800
20240209,13:24:14,1.05,50,86800
20240209,13:24:27,1.0,50,86500
20240209,13:24:30,1.05,50,86500
20240209,13:24:43,1.0,1800,86500
20240209,13:24:46,1.0,50,86500
20240209,13:24:47,1.0,50,86500
20240209,13:25:33,1.0,50,86500
20240209,13:26:12,1.0,250,84600
20240209,13:27:18,1.0,100,84600
20240209,13:27:20,1.0,50,84600
20240209,13:27:41,1.05,50,84600
20240209,13:28:31,1.05,100,84600
20240209,13:28:38,1.0,50,84600
20240209,13:29:02,1.0,200,84300
20240209,13:29:38,1.05,100,84300
20240209,13:31:52,1.0,100,84300
20240209,13:32:18,1.05,50,84300
20240209,13:34:19,1.0,1900,84300
20240209,13:34:20,0.95,3600,84300
20240209,13:34:50,1.0,50,84300
20240209,13:35:09,1.0,50,84300
20240209,13:35:26,1.0,2050,80750
20240209,13:35:55,1.0,250,80750
20240209,13:36:14,1.0,50,80750
20240209,13:36:15,0.95,50,80750
20240209,13:36:37,1.0,100,80750
20240209,13:36:52,0.95,50,80750
20240209,13:37:23,0.95,250,80750
20240209,13:37:26,1.0,50,80750
20240209,13:38:06,0.95,1050,79800
20240209,13:38:36,0.9,1800,79800
20240209,13:38:49,0.9,50,79800
20240209,13:39:21,0.95,50,79800
20240209,13:40:36,0.95,50,79800
20240209,13:40:48,0.9,50,79800
20240209,13:44:06,0.9,1800,78900
20240209,13:44:29,0.9,50,78900
20240209,13:44:55,0.9,350,78900
20240209,13:44:59,0.9,1800,78900
20240209,13:48:45,0.95,50,78900
20240209,13:48:57,0.9,50,78900
20240209,13:49:07,0.9,50,78900
20240209,13:57:42,0.9,50,78900
20240209,14:00:07,0.9,50,78900
20240209,14:03:34,0.9,50,78900
20240209,14:05:41,0.9,50,78900
20240209,14:06:05,0.9,500,78900
20240209,14:06:05,0.9,1500,78900
20240209,14:06:06,0.9,650,78900
20240209,14:06:43,0.9,50,78900
20240209,14:06:44,0.9,50,78900
20240209,14:08:57,0.9,100,81450
20240209,14:10:55,0.9,100,81450
20240209,14:12:25,0.85,50,81450
20240209,14:13:44,0.85,50,81450
20240209,14:14:42,0.8,4950,81450
20240209,14:15:38,0.8,1800,81450
20240209,14:15:40,0.8,300,81450
20240209,14:16:14,0.8,100,81450
20240209,14:17:21,0.85,50,75300
20240209,14:18:06,0.85,5550,75300
20240209,14:18:07,0.85,1650,75300
20240209,14:18:22,0.85,2500,75300
20240209,14:19:11,0.85,1000,75300
20240209,14:19:51,0.85,750,75300
20240209,14:19:58,0.85,2000,75300
20240209,14:20:13,0.85,1000,73250
20240209,14:20:18,0.85,1000,73250
20240209,14:20:30,0.85,500,73250
20240209,14:20:33,0.85,500,73250
20240209,14:22:08,0.8,3600,73250
20240209,14:23:06,0.8,1800,68100
20240209,14:25:22,0.8,1800,68100
20240209,14:25:26,0.85,100,68100
20240209,14:27:47,0.85,50,65150
20240209,14:28:11,0.8,100,65150
20240209,14:29:01,0.85,400,65150
20240209,14:30:03,0.8,500,65150
20240209,14:30:06,0.8,1800,65100
20240209,14:31:06,0.8,800,65100
20240209,14:31:06,0.8,3200,65100
20240209,14:31:07,0.8,3050,65100
20240209,14:31:08,0.8,2000,65100
20240209,14:31:09,0.8,1150,65100
20240209,14:31:14,0.75,1000,65100
20240209,14:31:15,0.75,2050,65100
20240209,14:31:16,0.75,2500,65100
20240209,14:31:17,0.75,2000,65100
20240209,14:31:27,0.75,2000,65100
20240209,14:31:28,0.75,3750,65100
20240209,14:31:29,0.75,3500,65100
20240209,14:31:30,0.75,4950,65100
20240209,14:31:31,0.75,4700,65100
20240209,14:31:32,0.75,7600,65100
20240209,14:31:33,0.7,5250,65100
20240209,14:31:41,0.75,50,65100
20240209,14:31:49,0.7,1600,65100
20240209,14:31:50,0.7,3000,65100
20240209,14:31:51,0.75,600,65100
20240209,14:31:54,0.75,300,65100
20240209,14:32:01,0.75,5900,65100
20240209,14:32:07,0.75,1350,72500
20240209,14:32:17,0.75,500,72500
20240209,14:33:03,0.75,250,72500
20240209,14:33:08,0.75,50,72500
20240209,14:33:14,0.75,250,72500
20240209,14:33:18,0.75,250,72500
20240209,14:33:21,0.75,150,72500
20240209,14:33:22,0.75,50,72500
20240209,14:33:23,0.75,50,72500
20240209,14:33:24,0.75,50,72500
20240209,14:33:25,0.75,50,72500
20240209,14:33:26,0.75,100,72500
20240209,14:33:27,0.75,250,72500
20240209,14:33:28,0.75,50,72500
20240209,14:33:29,0.75,50,72500
20240209,14:33:30,0.75,50,72500
20240209,14:33:31,0.75,100,72500
20240209,14:33:32,0.75,150,72500
20240209,14:33:33,0.75,1000,72500
20240209,14:33:35,0.75,50,72500
20240209,14:33:35,0.75,100,72500
20240209,14:33:36,0.75,300,72500
20240209,14:33:37,0.75,50,72500
20240209,14:33:38,0.75,100,72500
20240209,14:33:39,0.75,50,72500
20240209,14:33:40,0.75,300,72500
20240209,14:33:41,0.75,250,72500
20240209,14:34:16,0.8,200,72500
20240209,14:34:16,0.7,4600,72500
20240209,14:34:19,0.75,100,72500
20240209,14:34:20,0.75,50,72500
20240209,14:34:22,0.75,100,72500
20240209,14:34:22,0.75,50,72500
20240209,14:34:23,0.75,100,72500
20240209,14:34:24,0.75,50,72500
20240209,14:34:25,0.75,50,72500
20240209,14:34:26,0.75,50,72500
20240209,14:34:28,0.75,50,72500
20240209,14:34:29,0.75,50,72500
20240209,14:34:30,0.75,50,72500
20240209,14:34:31,0.75,100,72500
20240209,14:34:33,0.75,50,72500
20240209,14:34:34,0.75,350,72500
20240209,14:34:35,0.75,50,72500
20240209,14:34:39,0.75,250,72500
20240209,14:34:40,0.75,50,72500
20240209,14:34:41,0.75,250,72500
20240209,14:34:43,0.75,650,72500
20240209,14:34:50,0.75,250,72500
20240209,14:35:00,0.75,500,72500
20240209,14:35:23,0.75,750,72500
20240209,14:37:37,0.75,2350,62550
20240209,14:38:04,0.75,1100,62550
20240209,14:38:13,0.7,450,61200
20240209,14:38:52,0.7,300,61200
20240209,14:39:27,0.75,250,61200
20240209,14:39:31,0.7,2150,61200
20240209,14:40:13,0.75,250,61200
20240209,14:42:21,0.7,1800,61300
20240209,14:42:23,0.75,450,61300
20240209,14:43:20,0.7,1000,61300
20240209,14:43:21,0.7,1000,61300
20240209,14:43:29,0.7,600,61300
20240209,14:43:30,0.7,2100,61300
20240209,14:43:30,0.7,900,61300
20240209,14:44:32,0.7,500,65700
20240209,14:44:44,0.7,250,65700
20240209,14:45:03,0.7,1450,65700
20240209,14:45:04,0.65,1800,65700
20240209,14:45:14,0.65,1000,65700
20240209,14:45:27,0.65,3850,65700
20240209,14:45:28,0.7,1050,65700
20240209,14:45:32,0.7,50,65700
20240209,14:46:17,0.65,1400,65700
20240209,14:46:18,0.65,3500,65700
20240209,14:46:19,0.65,1500,65700
20240209,14:48:41,0.7,350,75800
20240209,14:49:56,0.65,1250,75800
20240209,14:49:57,0.7,3300,75800
20240209,14:49:58,0.7,2700,75800
20240209,14:49:59,0.7,50,75800
20240209,14:50:10,0.65,2000,81800
20240209,14:50:11,0.65,1500,81800
20240209,14:50:47,0.7,500,81800
20240209,14:50:59,0.7,1800,81800
20240209,14:51:01,0.7,1800,81800
20240209,14:51:04,0.7,1800,81800
20240209,14:51:05,0.7,1800,81800
20240209,14:51:06,0.7,900,81800
20240209,14:51:14,0.7,1800,81800
20240209,14:51:15,0.7,1000,81800
20240209,14:53:00,0.7,2050,81800
20240209,14:53:36,0.7,1950,85300
20240209,14:53:52,0.7,750,85300
20240209,14:54:01,0.7,1150,85300
20240209,14:54:06,0.75,250,85300
20240209,14:54:20,0.75,600,85300
20240209,14:54:28,0.7,100,85300
20240209,14:55:10,0.75,50,85300
20240209,14:55:25,0.75,50,85300
20240209,14:56:23,0.7,50,85300
20240209,14:56:29,0.75,250,85300
20240209,14:56:59,0.75,250,85300
20240209,14:58:03,0.75,50,85300
20240209,14:59:01,0.75,100,85300
20240209,14:59:05,0.75,1000,85300
20240209,14:59:11,0.75,900,85300
20240209,14:59:39,0.75,3250,85250
20240209,14:59:40,0.75,300,85250
20240209,14:59:47,0.75,500,85250
20240209,14:59:55,0.75,1000,85250
20240209,15:00:01,0.75,450,85250
20240209,15:00:29,0.75,10800,85250
20240209,15:00:31,0.75,1100,85250
20240209,15:00:38,0.75,100,85250
20240209,15:00:45,0.7,3600,85250
20240209,15:01:06,0.7,150,85250
20240209,15:02:58,0.75,450,85250
20240209,15:03:10,0.75,250,84800
20240209,15:03:39,0.75,50,84800
20240209,15:04:20,0.75,900,84800
20240209,15:04:22,0.75,450,84800
20240209,15:04:24,0.8,50,84800
20240209,15:05:09,0.8,1250,83850
20240209,15:05:09,0.8,500,83850
20240209,15:05:12,0.8,500,83850
20240209,15:05:18,0.8,750,83850
20240209,15:05:24,0.8,900,83850
20240209,15:05:41,0.75,2300,83850
20240209,15:05:42,0.7,500,83850
20240209,15:06:12,0.7,850,83850
20240209,15:06:49,0.75,3000,83850
20240209,15:07:58,0.75,50,83850
20240209,15:08:00,0.75,250,83850
20240209,15:08:26,0.75,500,86600
20240209,15:08:48,0.7,50,86600
20240209,15:08:52,0.7,100,86600
20240209,15:08:52,0.7,3000,86600
20240209,15:08:53,0.7,3000,86600
20240209,15:08:54,0.7,2500,86600
20240209,15:08:55,0.7,1750,86600
20240209,15:09:16,0.7,1250,86600
20240209,15:09:16,0.7,1000,86600
20240209,15:09:17,0.7,600,86600
20240209,15:09:26,0.75,50,86600
20240209,15:10:59,0.75,750,86600
20240209,15:11:03,0.75,200,86600
20240209,15:11:20,0.75,1400,99750
20240209,15:12:02,0.7,1700,99750
20240209,15:13:02,0.75,250,99750
20240209,15:13:19,0.75,250,99750
20240209,15:13:25,0.7,1200,99750
20240209,15:13:26,0.7,3000,99750
20240209,15:13:27,0.7,3000,99750
20240209,15:13:28,0.7,1000,99750
20240209,15:13:34,0.75,250,99750
20240209,15:13:45,0.7,850,99750
20240209,15:15:58,0.75,450,109650
20240209,15:16:14,0.75,200,109650
20240209,15:16:25,0.7,150,109650
20240209,15:16:57,0.75,500,109650
20240209,15:17:19,0.75,50,109650
20240209,15:18:12,0.7,200,109650
20240209,15:18:38,0.75,100,109650
20240209,15:18:48,0.75,50,109650
20240209,15:19:19,0.7,50,109650
20240209,15:19:46,0.7,2000,109650
20240209,15:19:46,0.7,1500,109650
20240209,15:19:47,0.7,3000,109650
20240209,15:19:48,0.7,3000,109650
20240209,15:19:49,0.7,2000,109650
20240209,15:19:55,0.7,500,109650
20240209,15:20:45,0.7,500,121650
20240209,15:20:57,0.7,50,121650
20240209,15:20:58,0.7,1500,121650
20240209,15:21:22,0.75,50,121650
20240209,15:22:21,0.7,50,121650
20240209,15:22:27,0.7,150,121650
20240209,15:22:30,0.7,100,121650
20240209,15:22:42,0.7,2100,121650
20240209,15:22:43,0.7,1800,121650
20240209,15:22:44,0.7,1150,121650
20240209,15:22:54,0.7,250,121650
20240209,15:23:10,0.7,200,125900
20240209,15:23:49,0.7,250,125900
20240209,15:24:02,0.7,300,125900
20240209,15:24:09,0.7,100,125900
20240209,15:24:17,0.7,950,125900
20240209,15:24:29,0.65,50,125900
20240209,15:24:43,0.7,100,125900
20240209,15:24:53,0.7,500,125900
20240209,15:24:57,0.65,100,125900
20240209,15:25:41,0.7,700,125900
20240209,15:25:50,0.7,50,125900
20240209,15:26:05,0.65,500,125900
20240209,15:26:33,0.65,1000,125900
20240209,15:26:40,0.7,1300,125900
20240209,15:27:08,0.7,250,125900
20240209,15:27:20,0.7,500,125900
20240209,15:27:21,0.7,300,125900
20240209,15:27:38,0.7,1800,125900
20240209,15:27:39,0.7,650,125900
20240209,15:27:53,0.7,1750,125900
20240209,15:27:54,0.7,3000,125900
20240209,15:27:55,0.7,2500,125900
20240209,15:27:56,0.7,1500,125900
20240209,15:28:03,0.75,50,125900
20240209,15:28:07,0.75,250,125900
20240209,15:28:11,0.75,500,125900
20240209,15:28:13,0.7,2000,125900
20240209,15:28:14,0.7,3450,125900
20240209,15:28:15,0.7,2000,125900
20240209,15:28:16,0.7,3000,125900
20240209,15:28:17,0.7,3000,125900
20240209,15:28:18,0.7,2500,125900
20240209,15:28:19,0.7,2500,125900
20240209,15:28:20,0.75,2150,125900
20240209,15:28:21,0.7,2500,125900
20240209,15:28:22,0.7,2500,125900
20240209,15:28:33,0.75,100,125900
20240209,15:28:49,0.75,700,125900
20240209,15:28:52,0.7,2000,125900
20240209,15:28:53,0.7,2500,125900
20240209,15:28:54,0.7,2500,125900
20240209,15:28:55,0.7,3000,125900
20240209,15:28:56,0.7,2500,125900
20240209,15:28:57,0.7,12800,125900
20240209,15:28:58,0.7,2500,125900
20240209,15:28:59,0.7,3000,125900
20240209,15:29:00,0.7,3150,125900
20240209,15:29:01,0.7,2000,125900
20240209,15:29:12,0.7,1700,125900
20240209,15:29:13,0.75,250,184650
20240209,15:29:14,0.7,50,184650
20240209,15:29:20,0.7,3500,184650
20240209,15:29:20,0.7,500,184650
20240209,15:29:22,0.65,500,184650
20240209,15:29:25,0.7,100,184650
20240209,15:29:54,0.65,100,184650
20240209,15:29:55,0.65,50,184650
20240212,09:15:03,0.7,1,189150
20240212,09:15:03,0.75,800,189150
20240212,09:15:04,0.75,200,189150
20240212,09:15:06,0.75,900,189150
20240212,09:15:07,0.7,900,189150
20240212,09:15:09,0.75,400,189150
20240212,09:15:10,0.75,200,189150
20240212,09:15:11,0.75,100,189150
20240212,09:15:12,0.75,600,189150
20240212,09:15:13,0.75,100,189150
20240212,09:15:16,0.75,900,189150
20240212,09:15:21,0.75,500,189150
20240212,09:15:23,0.75,700,189150
20240212,09:15:24,0.75,600,189150
20240212,09:15:25,0.7,250,189150
20240212,09:15:27,0.75,450,189250
20240212,09:15:32,0.7,250,189250
20240212,09:15:37,0.75,100,189250
20240212,09:15:39,0.75,400,189250
20240212,09:15:45,0.75,100,189250
20240212,09:15:49,0.75,1000,189250
20240212,09:15:59,0.75,50,189250
20240212,09:16:00,0.75,250,189250
20240212,09:16:05,0.7,400,189250
20240212,09:16:06,0.75,350,189250
20240212,09:16:18,0.75,250,189250
20240212,09:16:21,0.7,50,189250
20240212,09:16:23,0.75,5400,189250
20240212,09:16:27,0.75,100,189250
20240212,09:16:28,0.75,100,189250
20240212,09:16:30,0.75,50,189250
20240212,09:16:32,0.75,50,189250
20240212,09:16:39,0.75,150,189250
20240212,09:16:43,0.75,50,189250
20240212,09:16:45,0.75,100,189250
20240212,09:16:48,0.75,100,189250
20240212,09:16:51,0.75,100,189250
20240212,09:17:02,0.75,50,189250
20240212,09:17:20,0.75,50,189250
20240212,09:17:29,0.75,100,189250
20240212,09:17:30,0.75,50,189250
20240212,09:17:33,0.75,500,189250
20240212,09:17:36,0.75,100,189250
20240212,09:17:37,0.75,50,189250
20240212,09:17:40,0.75,250,189250
20240212,09:17:42,0.75,50,189250
20240212,09:17:42,0.7,100,189250
20240212,09:17:43,0.75,300,189250
20240212,09:17:46,0.75,250,189250
20240212,09:17:49,0.6,5400,189250
20240212,09:17:56,0.6,50,189250
20240212,09:18:00,0.7,50,189250
20240212,09:18:01,0.75,50,189250
20240212,09:18:09,0.75,50,189250
20240212,09:18:13,0.75,50,189250
20240212,09:18:27,0.75,100,189250
20240212,09:18:28,0.7,50,189250
20240212,09:18:29,0.7,50,189250
20240212,09:18:31,0.75,150,189250
20240212,09:18:36,0.75,100,189250
20240212,09:18:38,0.75,150,189250
20240212,09:18:39,0.75,50,189250
20240212,09:18:42,0.7,1850,189250
20240212,09:18:44,0.7,450,189250
20240212,09:18:45,0.7,50,189250
20240212,09:18:49,0.7,50,189250
20240212,09:18:51,0.7,50,189250
20240212,09:18:54,0.7,100,189250
20240212,09:19:02,0.65,100,189250
20240212,09:19:26,0.65,50,189250
20240212,09:19:33,0.65,100,189250
20240212,09:19:46,0.65,100,189250
20240212,09:19:55,0.65,50,189250
20240212,09:20:10,0.7,1800,189250
20240212,09:20:11,0.7,1200,189250
20240212,09:20:12,0.7,50,189250
20240212,09:20:13,0.7,50,189250
20240212,09:20:18,0.75,50,189250
20240212,09:20:23,0.75,1450,189250
20240212,09:20:27,0.75,50,189250
20240212,09:20:29,0.75,50,189250
20240212,09:20:35,0.75,50,189250
20240212,09:20:42,0.75,50,189250
20240212,09:20:44,0.75,300,189250
20240212,09:20:50,0.75,50,189250
20240212,09:20:55,0.75,500,189250
20240212,09:21:01,0.75,50,189250
20240212,09:21:07,0.75,150,189250
20240212,09:21:08,0.75,150,189250
20240212,09:21:14,0.75,50,189250
20240212,09:21:16,0.75,50,189250
20240212,09:21:21,0.75,250,189250
20240212,09:21:28,0.75,1050,190350
20240212,09:21:32,0.75,50,190350
20240212,09:21:40,0.75,50,190350
20240212,09:21:41,0.75,50,190350
20240212,09:21:42,0.75,50,190350
20240212,09:21:44,0.75,50,190350
20240212,09:21:45,0.75,100,190350
20240212,09:21:47,0.75,550,190350
20240212,09:21:48,0.75,100,190350
20240212,09:21:52,0.7,1050,190350
20240212,09:21:59,0.75,50,190350
20240212,09:22:00,0.75,200,190350
20240212,09:22:19,0.75,1250,190350
20240212,09:22:28,0.75,1050,190350
20240212,09:22:33,0.7,150,190350
20240212,09:22:36,0.75,50,190350
20240212,09:22:40,0.75,50,190350
20240212,09:22:40,0.7,50,190350
20240212,09:22:43,0.75,50,190350
20240212,09:22:46,0.75,50,190350
20240212,09:22:52,0.75,250,190350
20240212,09:22:53,0.75,100,190350
20240212,09:22:54,0.75,50,190350
20240212,09:23:00,0.7,250,190350
20240212,09:23:01,0.75,250,190350
20240212,09:23:03,0.75,50,190350
20240212,09:23:08,0.75,100,190350
20240212,09:23:11,0.75,500,190350
20240212,09:23:16,0.75,50,190350
20240212,09:23:20,0.75,500,190350
20240212,09:23:21,0.7,250,190350
20240212,09:23:22,0.75,50,190350
20240212,09:23:23,0.75,400,190350
20240212,09:23:26,0.7,200,190350
20240212,09:23:28,0.75,100,190350
20240212,09:23:31,0.75,300,190350
20240212,09:23:32,0.75,1700,190350
20240212,09:23:36,0.75,100,190350
20240212,09:23:38,0.75,50,190350
20240212,09:23:45,0.75,50,190350
20240212,09:23:51,0.75,50,190350
20240212,09:23:52,0.75,1000,190350
20240212,09:23:54,0.75,50,190350
20240212,09:24:00,0.75,50,190350
20240212,09:24:06,0.75,50,190350
20240212,09:24:08,0.7,50,190350
20240212,09:24:10,0.7,50,190350
20240212,09:24:11,0.75,250,190350
20240212,09:24:30,0.75,50,190350
20240212,09:24:31,0.75,500,189250
20240212,09:24:33,0.75,2000,189250
20240212,09:24:39,0.75,50,189250
20240212,09:24:40,0.7,50,189250
20240212,09:24:44,0.75,50,189250
20240212,09:24:47,0.75,2500,189250
20240212,09:24:50,0.75,150,189250
20240212,09:25:10,0.75,1050,189250
20240212,09:25:14,0.75,1500,189250
20240212,09:25:27,0.75,550,189250
20240212,09:25:33,0.75,50,189250
20240212,09:25:35,0.75,250,189250
20240212,09:25:40,0.75,1800,189250
20240212,09:25:42,0.75,50,189250
20240212,09:25:44,0.75,200,189250
20240212,09:25:46,0.75,100,189250
20240212,09:25:47,0.75,50,189250
20240212,09:25:50,0.75,50,189250
20240212,09:25:55,0.75,50,189250
20240212,09:26:02,0.75,50,189250
20240212,09:26:08,0.7,100,189250
20240212,09:26:17,0.7,50,189250
20240212,09:26:19,0.7,50,189250
20240212,09:26:27,0.75,50,189250
20240212,09:26:36,0.7,1800,189250
20240212,09:26:38,0.75,300,189250
20240212,09:26:41,0.7,50,189250
20240212,09:26:48,0.75,50,189250
20240212,09:26:54,0.75,50,189250
20240212,09:27:06,0.75,50,189250
20240212,09:27:16,0.7,1250,189250
20240212,09:27:18,0.75,1850,189250
20240212,09:27:42,0.7,250,189250
20240212,09:27:49,0.75,50,189250
20240212,09:27:50,0.75,100,189250
20240212,09:27:51,0.75,50,189250
20240212,09:27:52,0.75,50,189250
20240212,09:27:59,0.75,750,189250
20240212,09:28:11,0.7,50,189250
20240212,09:28:18,0.75,550,189250
20240212,09:28:23,0.75,50,189250
20240212,09:28:24,0.75,250,189250
20240212,09:28:27,0.75,100,189250
20240212,09:28:30,0.75,50,189250
20240212,09:28:30,0.7,200,189250
20240212,09:28:34,0.7,50,189250
20240212,09:28:38,0.75,350,189250
20240212,09:28:55,0.75,50,189250
20240212,09:28:57,0.75,200,189250
20240212,09:28:59,0.7,50,189250
20240212,09:29:07,0.75,50,189250
20240212,09:29:17,0.75,100,189250
20240212,09:29:29,0.75,100,189250
20240212,09:29:38,0.7,1700,189250
20240212,09:29:48,0.75,150,189250
20240212,09:29:51,0.7,1500,189250
20240212,09:29:56,0.75,50,189250
20240212,09:29:59,0.75,100,189250
20240212,09:30:14,0.7,50,189250
20240212,09:30:20,0.75,50,189250
20240212,09:30:21,0.75,50,189250
20240212,09:30:22,0.75,300,189250
20240212,09:30:26,0.75,50,189250
20240212,09:30:28,0.7,100,189250
20240212,09:30:57,0.7,50,189250
20240212,09:31:31,0.7,50,189250
20240212,09:31:47,0.75,50,189250
20240212,09:31:48,0.75,100,189250
20240212,09:31:52,0.7,100,189250
20240212,09:32:11,0.7,50,189250
20240212,09:32:16,0.7,50,189250
20240212,09:32:23,0.75,50,189250
20240212,09:32:28,0.7,200,189250
20240212,09:32:35,0.7,150,189250
20240212,09:32:43,0.7,1850,189250
20240212,09:33:00,0.7,100,189250
20240212,09:33:02,0.7,100,189250
20240212,09:33:25,0.75,150,189250
20240212,09:33:40,0.75,1150,189250
20240212,09:33:57,0.75,50,189250
20240212,09:34:11,0.75,50,189250
20240212,09:34:17,0.75,50,189250
20240212,09:34:21,0.75,50,189250
20240212,09:34:28,0.75,50,189250
20240212,09:34:31,0.75,100,189250
20240212,09:34:46,0.75,50,189250
20240212,09:34:47,0.7,50,189250
20240212,09:35:21,0.75,50,189250
20240212,09:35:33,0.7,1250,189250
20240212,09:37:03,0.75,50,189250
20240212,09:37:13,0.75,200,189250
20240212,09:37:23,0.75,50,189250
20240212,09:37:50,0.75,1800,189250
20240212,09:37:51,0.7,550,189250
20240212,09:37:53,0.7,50,189250
20240212,09:37:54,0.75,900,189250
20240212,09:38:08,0.75,2300,189250
20240212,09:38:10,0.75,50,189250
20240212,09:38:19,0.7,250,189250
20240212,09:38:22,0.75,50,189250
20240212,09:38:23,0.75,1600,189250
20240212,09:38:24,0.75,100,189250
20240212,09:38:25,0.75,400,189250
20240212,09:38:26,0.75,250,189250
20240212,09:38:28,0.75,50,189250
20240212,09:38:29,0.75,50,189250
20240212,09:38:36,0.75,50,189250
20240212,09:38:42,0.7,50,189250
20240212,09:38:49,0.7,50,189250
20240212,09:38:57,0.75,100,189250
20240212,09:39:05,0.7,50,189250
20240212,09:39:08,0.7,50,189250
20240212,09:39:20,0.7,50,189250
20240212,09:39:50,0.7,100,189250
20240212,09:40:03,0.7,100,186100
20240212,09:40:11,0.7,1800,186100
20240212,09:40:22,0.7,200,186100
20240212,09:40:33,0.75,5000,186100
20240212,09:40:40,0.75,50,186100
20240212,09:40:54,0.75,100,186100
20240212,09:40:55,0.75,100,186100
20240212,09:41:13,0.7,50,186100
20240212,09:41:15,0.75,200,186100
20240212,09:41:26,0.75,300,186100
20240212,09:41:28,0.75,550,186100
20240212,09:41:36,0.7,50,186100
20240212,09:41:43,0.75,1000,186100
20240212,09:41:58,0.75,50,186100
20240212,09:42:00,0.7,50,186100
20240212,09:42:08,0.75,1800,186100
20240212,09:42:09,0.7,3250,186100
20240212,09:42:11,0.75,50,186100
20240212,09:42:16,0.7,50,186100
20240212,09:42:23,0.75,50,186100
20240212,09:42:38,0.7,50,186150
20240212,09:42:42,0.75,50,186150
20240212,09:42:42,0.7,50,186150
20240212,09:42:47,0.75,50,186150
20240212,09:43:05,0.75,50,186150
20240212,09:43:07,0.75,500,186150
20240212,09:43:10,0.7,50,186150
20240212,09:43:15,0.75,100,186150
20240212,09:43:24,0.75,50,186150
20240212,09:43:29,0.75,50,186150
20240212,09:43:31,0.7,50,186150
20240212,09:43:32,0.75,600,186150
20240212,09:43:32,0.75,100,186150
20240212,09:43:34,0.7,50,186150
20240212,09:43:36,0.65,5000,186150
20240212,09:43:41,0.75,50,186150
20240212,09:43:48,0.7,600,186150
20240212,09:43:50,0.7,50,186150
20240212,09:44:14,0.65,50,186150
20240212,09:44:33,0.65,50,186150
20240212,09:44:36,0.65,250,186150
20240212,09:44:37,0.65,250,186150
20240212,09:44:58,0.7,50,186150
20240212,09:45:16,0.7,50,186150
20240212,09:45:18,0.7,450,186150
20240212,09:45:19,0.7,50,186150
20240212,09:45:44,0.7,500,186150
20240212,09:45:50,0.7,650,186150
20240212,09:46:03,0.7,200,186150
20240212,09:46:04,0.7,1800,186150
20240212,09:46:05,0.65,150,186150
20240212,09:46:36,0.65,200,186150
20240212,09:46:58,0.65,50,186150
20240212,09:47:06,0.7,1000,186150
20240212,09:47:10,0.7,950,186150
20240212,09:47:21,0.65,650,186150
20240212,09:47:38,0.65,50,186150
20240212,09:48:00,0.65,50,186150
20240212,09:48:06,0.7,1200,186150
20240212,09:48:14,0.65,550,186150
20240212,09:48:15,0.75,250,186150
20240212,09:48:36,0.7,50,186150
20240212,09:48:47,0.7,50,186150
20240212,09:48:48,0.65,50,186150
20240212,09:48:55,0.65,50,186150
20240212,09:48:57,0.7,1800,186150
20240212,09:49:02,0.7,100,186150
20240212,09:49:13,0.7,1800,186150
20240212,09:49:23,0.65,100,186150
20240212,09:50:06,0.7,100,186150
20240212,09:50:19,0.75,50,186150
20240212,09:50:21,0.75,50,186150
20240212,09:50:22,0.75,450,186150
20240212,09:50:30,0.65,600,186150
20240212,09:50:39,0.65,1050,186150
20240212,09:50:51,0.7,50,186150
20240212,09:50:56,0.7,50,186150
20240212,09:51:12,0.7,100,186150
20240212,09:51:38,0.65,50,186200
20240212,09:52:07,0.65,300,186200
20240212,09:52:33,0.65,50,186200
20240212,09:52:45,0.7,100,186200
20240212,09:52:46,0.7,950,186200
20240212,09:53:17,0.65,50,186200
20240212,09:54:27,0.65,50,186200
20240212,09:55:02,0.7,100,186200
20240212,09:55:32,0.65,100,186200
20240212,09:56:16,0.7,50,186200
20240212,09:56:45,0.65,3950,186200
20240212,09:57:00,0.7,7550,186200
20240212,09:57:08,0.7,650,186200
20240212,09:57:14,0.7,50,186200
20240212,09:57:26,0.7,300,186200
20240212,09:57:42,0.7,50,186200
20240212,09:58:06,0.65,50,187300
20240212,09:59:29,0.65,200,187300
20240212,10:00:43,0.65,1600,187300
20240212,10:01:02,0.65,4200,187250
20240212,10:01:08,0.6,7500,187250
20240212,10:01:24,0.6,1050,187250
20240212,10:01:29,0.6,50,187250
20240212,10:01:35,0.7,250,187250
20240212,10:01:50,0.65,50,187250
20240212,10:02:24,0.65,2400,187250
20240212,10:02:24,0.65,3450,187250
20240212,10:02:25,0.65,1850,187250
20240212,10:02:47,0.65,50,187250
20240212,10:02:51,0.65,50,187250
20240212,10:02:53,0.65,1050,187250
20240212,10:02:53,0.65,50,187250
20240212,10:02:54,0.65,1050,187250
20240212,10:03:03,0.7,600,187250
20240212,10:03:11,0.65,550,187250
20240212,10:03:12,0.7,50,187250
20240212,10:03:31,0.7,50,187250
20240212,10:03:37,0.65,50,187250
20240212,10:03:37,0.65,50,186400
20240212,10:03:41,0.7,100,186400
20240212,10:04:06,0.65,100,186400
20240212,10:04:14,0.65,250,186400
20240212,10:04:34,0.65,50,186400
20240212,10:05:00,0.65,100,186400
20240212,10:05:07,0.65,350,186400
20240212,10:05:08,0.6,300,186400
20240212,10:06:02,0.65,350,186400
20240212,10:06:09,0.65,50,186400
20240212,10:06:24,0.65,250,186400
20240212,10:08:22,0.7,50,186400
20240212,10:08:37,0.7,50,186400
20240212,10:08:39,0.7,50,186400
20240212,10:09:11,0.7,50,186400
20240212,10:09:18,0.7,50,186400
20240212,10:09:31,0.7,50,186400
20240212,10:10:01,0.6,100,186400
20240212,10:10:23,0.7,500,186400
20240212,10:10:26,0.6,50,186400
20240212,10:10:34,0.7,50,186400
20240212,10:10:55,0.6,1800,186400
20240212,10:11:55,0.6,250,186400
20240212,10:12:13,0.65,200,186400
20240212,10:12:49,0.6,200,186400
20240212,10:13:00,0.6,100,186450
20240212,10:13:26,0.6,50,186450
20240212,10:13:43,0.65,50,186450
20240212,10:13:44,0.6,250,186450
20240212,10:14:04,0.6,15800,186450
20240212,10:14:04,0.6,500,186450
20240212,10:14:07,0.6,150,186450
20240212,10:14:11,0.6,50,186450
20240212,10:14:41,0.6,1100,186450
20240212,10:14:41,0.6,50,186450
20240212,10:14:56,0.55,50,186450
20240212,10:15:15,0.55,750,186450
20240212,10:15:37,0.55,500,186450
20240212,10:16:32,0.55,50,186450
20240212,10:16:45,0.55,50,186450
20240212,10:16:48,0.55,50,186450
20240212,10:17:17,0.6,500,186450
20240212,10:18:27,0.55,50,186450
20240212,10:20:44,0.6,500,186450
20240212,10:20:53,0.6,50,186450
20240212,10:21:08,0.6,200,186450
20240212,10:21:13,0.6,100,186450
20240212,10:21:48,0.55,200,186450
20240212,10:22:25,0.55,50,186400
20240212,10:22:41,0.55,50,186400
20240212,10:23:14,0.6,250,186400
20240212,10:23:49,0.6,50,186400
20240212,10:24:07,0.55,50,186400
20240212,10:24:32,0.55,50,186400
20240212,10:24:39,0.6,300,186400
20240212,10:26:07,0.55,250,186400
20240212,10:26:22,0.55,250,186400
20240212,10:26:23,0.55,50,186400
20240212,10:26:32,0.6,50,186400
20240212,10:26:33,0.6,300,186400
20240212,10:27:01,0.55,250,186400
20240212,10:27:07,0.6,250,186400
20240212,10:27:14,0.6,50,186400
20240212,10:27:24,0.55,250,186400
20240212,10:27:28,0.55,100,186400
20240212,10:27:29,0.55,500,186400
20240212,10:27:34,0.55,1250,186400
20240212,10:27:39,0.55,400,186400
20240212,10:27:40,0.55,1800,186350
20240212,10:27:42,0.55,50,186350
20240212,10:27:45,0.6,50,186350
20240212,10:27:53,0.55,250,186350
20240212,10:27:55,0.6,150,186350
20240212,10:28:02,0.55,400,186350
20240212,10:28:25,0.55,2850,186350
20240212,10:29:52,0.55,300,186350
20240212,10:30:00,0.6,1500,186350
20240212,10:30:05,0.6,500,186350
20240212,10:31:00,0.6,1800,186400
20240212,10:31:42,0.55,50,186400
20240212,10:31:51,0.55,50,186400
20240212,10:32:00,0.55,50,186400
20240212,10:32:45,0.55,2050,186400
20240212,10:34:26,0.55,100,186400
20240212,10:35:32,0.6,50,186400
20240212,10:35:33,0.6,400,186400
20240212,10:37:17,0.55,1800,186400
20240212,10:38:36,0.55,450,186400
20240212,10:39:22,0.55,50,186400
20240212,10:39:57,0.55,50,186400
20240212,10:42:45,0.6,50,186400
20240212,10:43:09,0.55,50,186400
20240212,10:46:49,0.55,50,186400
20240212,10:47:31,0.6,200,186400
20240212,10:47:44,0.55,50,186400
20240212,10:48:09,0.55,600,186400
20240212,10:48:10,0.55,50,186400
20240212,10:48:11,0.55,50,186400
20240212,10:48:42,0.55,50,186400
20240212,10:50:33,0.55,50,186400
20240212,10:51:46,0.55,50,186400
20240212,10:52:35,0.5,100,186400
20240212,10:52:36,0.5,100,186400
20240212,10:52:46,0.5,1000,186400
20240212,10:58:30,0.55,50,186400
20240212,11:01:57,0.55,50,186400
20240212,11:02:09,0.55,2300,186400
20240212,11:02:09,0.55,100,186400
20240212,11:02:10,0.55,3300,186400
20240212,11:02:23,0.55,3950,186400
20240212,11:02:25,0.55,100,186400
20240212,11:02:40,0.55,50,186400
20240212,11:04:57,0.55,50,186400
20240212,11:06:00,0.55,250,188000
20240212,11:06:04,0.55,50,188000
20240212,11:07:00,0.55,350,188000
20240212,11:07:19,0.55,1300,188000
20240212,11:07:38,0.55,50,188000
20240212,11:07:42,0.55,50,188000
20240212,11:07:56,0.55,100,188000
20240212,11:09:38,0.55,350,188000
20240212,11:09:48,0.55,100,187250
20240212,11:10:03,0.55,150,187250
20240212,11:10:05,0.55,250,187250
20240212,11:11:23,0.55,50,187250
20240212,11:11:24,0.55,1400,187250
20240212,11:12:35,0.55,3600,187250
20240212,11:12:39,0.55,250,187250
20240212,11:12:46,0.55,50,187250
20240212,11:12:46,0.55,100,186350
20240212,11:13:11,0.55,500,186350
20240212,11:13:47,0.55,250,186350
20240212,11:14:12,0.55,1000,186350
20240212,11:18:57,0.55,50,186400
20240212,11:19:53,0.55,50,186400
20240212,11:20:36,0.55,300,186400
20240212,11:20:50,0.55,500,186400
20240212,11:20:50,0.55,350,186400
20240212,11:20:53,0.55,1800,186400
20240212,11:20:55,0.55,50,186400
20240212,11:20:56,0.55,50,186400
20240212,11:20:57,0.55,100,186400
20240212,11:20:58,0.6,50,186400
20240212,11:20:59,0.55,100,186400
20240212,11:21:26,0.6,50,186400
20240212,11:22:09,0.6,700,186400
20240212,11:22:25,0.55,50,187600
20240212,11:23:01,0.6,950,187600
20240212,11:23:12,0.55,200,187600
20240212,11:23:13,0.6,50,187600
20240212,11:23:29,0.55,900,187600
20240212,11:23:58,0.55,1050,187600
20240212,11:25:02,0.55,50,186150
20240212,11:25:03,0.55,50,186150
20240212,11:25:15,0.55,50,186150
20240212,11:25:29,0.5,50,186150
20240212,11:25:57,0.5,100,186150
20240212,11:26:05,0.55,50,186150
20240212,11:26:07,0.55,1800,186150
20240212,11:26:08,0.55,1800,186150
20240212,11:26:09,0.55,600,186150
20240212,11:26:10,0.55,1000,186150
20240212,11:26:11,0.55,200,186150
20240212,11:26:21,0.55,50,186150
20240212,11:26:37,0.6,500,186150
20240212,11:27:06,0.55,500,186150
20240212,11:27:09,0.55,1800,186150
20240212,11:27:25,0.55,100,186150
20240212,11:27:54,0.6,200,186150
20240212,11:28:36,0.55,100,186150
20240212,11:30:15,0.55,150,186150
20240212,11:31:26,0.55,50,186150
20240212,11:31:43,0.6,50,186150
20240212,11:32:39,0.55,950,186150
20240212,11:32:47,0.55,50,186150
20240212,11:33:00,0.6,50,186150
20240212,11:33:21,0.5,50,186150
20240212,11:34:02,0.5,50,186150
20240212,11:34:04,0.6,250,186200
20240212,11:34:39,0.6,50,186200
20240212,11:36:01,0.55,200,186200
20240212,11:37:12,0.55,150,186200
20240212,11:37:31,0.55,250,186200
20240212,11:37:37,0.55,50,186200
20240212,11:37:52,0.55,50,186200
20240212,11:38:18,0.55,1800,186200
20240212,11:38:24,0.55,1800,186200
20240212,11:40:09,0.55,350,187750
20240212,11:40:13,0.55,1500,187750
20240212,11:40:48,0.55,200,187750
20240212,11:40:52,0.5,150,187750
20240212,11:41:23,0.6,500,187750
20240212,11:42:13,0.5,2000,187750
20240212,11:43:37,0.55,50,187750
20240212,11:43:54,0.5,50,187600
20240212,11:44:37,0.55,50,187600
20240212,11:45:45,0.55,50,187600
20240212,11:47:04,0.55,50,187600
20240212,11:47:57,0.55,700,187600
20240212,11:47:59,0.55,1200,187600
20240212,11:48:02,0.55,200,187600
20240212,11:48:03,0.55,100,187600
20240212,11:48:07,0.5,1800,187600
20240212,11:48:08,0.55,1200,187600
20240212,11:48:09,0.55,1100,187600
20240212,11:48:10,0.55,450,187600
20240212,11:48:11,0.55,200,187600
20240212,11:50:03,0.5,50,187600
20240212,11:50:41,0.5,50,189050
20240212,11:50:50,0.55,2000,189050
20240212,11:50:51,0.55,2000,189050
20240212,11:51:07,0.55,150,189050
20240212,11:51:12,0.55,600,189050
20240212,11:52:05,0.5,600,189700
20240212,11:52:28,0.55,50,189700
20240212,11:52:41,0.55,50,189700
20240212,11:53:46,0.5,50,189700
20240212,11:56:57,0.55,3700,189700
20240212,11:57:06,0.55,250,189700
20240212,11:57:16,0.5,3600,189700
20240212,11:58:40,0.5,200,192550
20240212,11:59:41,0.55,250,192550
20240212,12:01:23,0.5,50,192550
20240212,12:03:22,0.55,50,192550
20240212,12:03:36,0.5,100,192550
20240212,12:04:07,0.5,1800,192550
20240212,12:05:15,0.55,500,192550
20240212,12:05:26,0.5,250,192550
20240212,12:05:28,0.5,1500,192550
20240212,12:05:29,0.55,3000,192550
20240212,12:06:07,0.5,500,192550
20240212,12:06:08,0.55,500,192550
20240212,12:06:17,0.55,50,192550
20240212,12:06:26,0.5,250,192550
20240212,12:06:34,0.55,6400,192550
20240212,12:06:54,0.55,1000,194550
20240212,12:06:55,0.55,200,194550
20240212,12:08:50,0.5,50,194550
20240212,12:09:02,0.5,150,194550
20240212,12:09:11,0.55,200,194550
20240212,12:09:55,0.6,2750,194550
20240212,12:10:16,0.6,250,194950
20240212,12:10:34,0.5,50,194950
20240212,12:10:47,0.55,50,194950
20240212,12:11:03,0.6,50,194950
20240212,12:11:04,0.6,1000,194950
20240212,12:11:05,0.6,150,194950
20240212,12:11:18,0.5,1000,194950
20240212,12:11:28,0.5,1000,194950
20240212,12:11:31,0.55,700,194950
20240212,12:11:51,0.55,750,194950
20240212,12:12:24,0.55,550,194950
20240212,12:13:06,0.6,1950,194950
20240212,12:13:09,0.5,1000,194950
20240212,12:13:14,0.55,500,194950
20240212,12:13:29,0.6,1250,194950
20240212,12:14:05,0.55,250,194950
20240212,12:14:19,0.55,500,194950
20240212,12:14:47,0.5,350,194950
20240212,12:15:14,0.55,350,194950
20240212,12:17:08,0.6,300,195000
20240212,12:17:12,0.6,250,195000
20240212,12:17:27,0.55,300,195000
20240212,12:17:42,0.6,500,195000
20240212,12:17:49,0.6,500,195000
20240212,12:18:12,0.6,500,195000
20240212,12:18:17,0.6,500,195000
20240212,12:18:20,0.55,900,195000
20240212,12:18:42,0.55,250,195000
20240212,12:18:53,0.6,500,195300
20240212,12:18:54,0.6,250,195300
20240212,12:20:16,0.6,250,195300
20240212,12:20:22,0.55,50,195300
20240212,12:21:10,0.55,50,195300
20240212,12:21:53,0.6,50,195300
20240212,12:22:48,0.55,50,195300
20240212,12:22:48,0.55,50,195650
20240212,12:23:07,0.55,50,195650
20240212,12:23:53,0.55,50,195650
20240212,12:23:58,0.6,50,195650
20240212,12:24:07,0.6,50,195650
20240212,12:24:26,0.6,250,195650
20240212,12:25:39,0.6,50,195450
20240212,12:27:10,0.55,50,195450
20240212,12:28:41,0.55,50,195450
20240212,12:29:18,0.6,50,195400
20240212,12:29:19,0.6,50,195400
20240212,12:30:39,0.55,50,195400
20240212,12:30:59,0.55,50,195400
20240212,12:33:51,0.55,50,195250
20240212,12:33:54,0.6,500,195250
20240212,12:35:55,0.6,100,195250
20240212,12:35:55,0.6,500,195150
20240212,12:35:56,0.6,400,195150
20240212,12:36:35,0.6,50,195150
20240212,12:39:22,0.6,250,195150
20240212,12:41:52,0.6,50,195150
20240212,12:42:27,0.55,50,195150
20240212,12:42:49,0.55,250,195150
20240212,12:43:06,0.55,900,195150
20240212,12:46:22,0.6,50,194400
20240212,12:49:04,0.5,50,194400
20240212,12:49:28,0.55,50,194400
20240212,12:53:31,0.55,100,194400
20240212,12:55:15,0.55,250,194500
20240212,12:55:27,0.6,500,194500
20240212,12:55:48,0.55,250,194500
20240212,12:55:59,0.6,150,194500
20240212,12:56:08,0.6,1000,194500
20240212,12:57:25,0.6,250,194500
20240212,12:57:48,0.5,50,194500
20240212,12:58:02,0.6,150,194500
20240212,12:58:18,0.5,50,194500
20240212,12:59:55,0.6,50,194500
20240212,13:00:03,0.6,950,194500
20240212,13:00:34,0.6,500,194500
20240212,13:00:36,0.6,250,194500
20240212,13:00:42,0.55,50,194500
20240212,13:00:45,0.6,1550,194500
20240212,13:01:43,0.55,50,194500
20240212,13:02:13,0.6,500,194500
20240212,13:02:14,0.55,250,194500
20240212,13:02:19,0.55,100,194500
20240212,13:02:23,0.55,200,194500
20240212,13:03:04,0.55,600,194500
20240212,13:03:24,0.55,50,194500
20240212,13:03:28,0.6,50,194500
20240212,13:04:07,0.6,50,194500
20240212,13:04:21,0.55,250,194750
20240212,13:04:39,0.6,1000,194750
20240212,13:05:45,0.55,250,194750
20240212,13:05:55,0.55,500,194750
20240212,13:06:00,0.55,300,194750
20240212,13:06:23,0.6,50,194750
20240212,13:06:26,0.55,50,194750
20240212,13:07:45,0.55,50,194950
20240212,13:07:57,0.55,50,194950
20240212,13:09:10,0.6,100,194950
20240212,13:10:02,0.55,50,194950
20240212,13:11:27,0.55,50,194950
20240212,13:11:41,0.6,50,194950
20240212,13:12:09,0.55,150,194950
20240212,13:13:48,0.55,150,194950
20240212,13:14:17,0.55,300,194950
20240212,13:15:06,0.6,400,194950
20240212,13:15:29,0.55,1600,194950
20240212,13:15:30,0.55,400,194950
20240212,13:18:31,0.55,500,194600
20240212,13:19:31,0.6,100,194600
20240212,13:21:30,0.55,50,194600
20240212,13:22:04,0.55,3450,194600
20240212,13:23:21,0.55,100,194600
20240212,13:23:25,0.55,50,194600
20240212,13:23:57,0.5,1800,194600
20240212,13:26:11,0.5,500,199150
20240212,13:26:23,0.5,350,199150
20240212,13:27:10,0.55,150,199150
20240212,13:27:30,0.5,50,199150
20240212,13:29:07,0.55,150,199150
20240212,13:30:44,0.5,50,199150
20240212,13:31:37,0.55,50,199150
20240212,13:31:55,0.55,50,199150
20240212,13:32:03,0.55,50,199150
20240212,13:32:18,0.55,900,199150
20240212,13:33:16,0.55,950,199150
20240212,13:33:28,0.55,250,199150
20240212,13:36:10,0.5,50,198900
20240212,13:37:28,0.55,50,198900
20240212,13:38:43,0.5,50,198900
20240212,13:38:55,0.55,1800,198900
20240212,13:38:56,0.55,1800,198900
20240212,13:38:57,0.55,50,198900
20240212,13:40:14,0.55,50,198900
20240212,13:40:16,0.55,100,200550
20240212,13:40:29,0.55,100,200550
20240212,13:41:52,0.6,50,200550
20240212,13:42:14,0.6,50,200550
20240212,13:42:19,0.55,50,200550
20240212,13:42:43,0.55,50,200550
20240212,13:42:46,0.55,1800,200550
20240212,13:42:51,0.55,1800,200550
20240212,13:42:53,0.55,300,200550
20240212,13:46:00,0.55,50,200550
20240212,13:46:44,0.55,50,198550
20240212,13:47:26,0.6,1400,198550
20240212,13:47:30,0.55,50,198550
20240212,13:49:18,0.6,50,198550
20240212,13:52:11,0.55,500,198550
20240212,13:52:22,0.6,50,198550
20240212,13:52:28,0.55,500,198550
20240212,13:55:08,0.55,100,198500
20240212,13:55:11,0.6,250,198500
20240212,13:55:12,0.6,250,198500
20240212,13:55:53,0.55,100,198500
20240212,13:55:54,0.6,500,198500
20240212,13:56:46,0.55,50,198500
20240212,13:57:56,0.6,500,198500
20240212,13:58:59,0.55,50,198500
20240212,14:00:26,0.6,50,198500
20240212,14:01:17,0.55,2500,198500
20240212,14:01:20,0.55,50,198500
20240212,14:01:26,0.55,1450,198500
20240212,14:02:53,0.5,700,198500
20240212,14:02:54,0.5,400,198500
20240212,14:03:15,0.55,50,198500
20240212,14:06:43,0.55,2150,198500
20240212,14:06:53,0.6,50,199050
20240212,14:09:32,0.55,50,200550
20240212,14:11:14,0.55,100,200550
20240212,14:14:22,0.55,200,200550
20240212,14:15:03,0.55,50,200550
20240212,14:16:16,0.55,900,200550
20240212,14:19:41,0.55,400,200550
20240212,14:21:54,0.6,250,200550
20240212,14:26:06,0.6,50,200300
20240212,14:27:10,0.5,450,200300
20240212,14:27:21,0.6,250,200300
20240212,14:27:57,0.55,100,200300
20240212,14:28:24,0.5,50,200300
20240212,14:29:12,0.5,50,200300
20240212,14:29:56,0.55,50,200300
20240212,14:30:55,0.55,50,200300
20240212,14:32:52,0.55,600,200300
20240212,14:33:09,0.55,50,200300
20240212,14:33:10,0.55,100,200300
20240212,14:33:54,0.55,250,200300
20240212,14:34:00,0.55,150,200300
20240212,14:34:11,0.55,950,200300
20240212,14:34:12,0.55,350,200300
20240212,14:34:13,0.55,700,200300
20240212,14:34:29,0.55,50,201500
20240212,14:34:33,0.55,1800,201500
20240212,14:34:34,0.55,50,201500
20240212,14:35:20,0.55,100,201500
20240212,14:35:43,0.55,1000,201500
20240212,14:35:57,0.55,50,201500
20240212,14:36:45,0.55,50,201500
20240212,14:38:57,0.5,50,201500
20240212,14:40:42,0.5,200,200450
20240212,14:40:51,0.5,500,200450
20240212,14:41:37,0.5,150,200450
20240212,14:41:46,0.5,100,200450
20240212,14:43:15,0.5,50,200550
20240212,14:43:59,0.5,50,200550
20240212,14:44:24,0.5,50,200550
20240212,14:44:25,0.5,50,200550
20240212,14:44:26,0.5,50,200550
20240212,14:44:27,0.5,50,200550
20240212,14:44:28,0.5,100,200550
20240212,14:44:55,0.5,2500,200550
20240212,14:45:05,0.55,50,200550
20240212,14:47:19,0.55,250,200550
20240212,14:50:03,0.55,50,200550
20240212,14:51:11,0.5,50,200550
20240212,14:52:53,0.5,1150,200550
20240212,14:53:36,0.55,50,200550
20240212,14:54:00,0.5,50,200550
20240212,14:54:11,0.5,500,200550
20240212,14:55:27,0.55,50,200550
20240212,14:59:33,0.5,500,201200
20240212,14:59:36,0.5,3000,201200
20240212,14:59:44,0.5,50,201200
20240212,14:59:51,0.5,50,201200
20240212,14:59:53,0.5,50,201200
20240212,15:00:00,0.5,1650,201200
20240212,15:00:06,0.5,500,201200
20240212,15:00:34,0.5,50,201200
20240212,15:00:41,0.5,500,201200
20240212,15:03:47,0.5,50,201200
20240212,15:04:07,0.55,450,201200
20240212,15:05:24,0.5,1500,201200
20240212,15:06:44,0.5,50,201200
20240212,15:06:45,0.5,600,201200
20240212,15:06:57,0.5,500,201200
20240212,15:07:08,0.55,200,201200
20240212,15:07:38,0.5,750,201200
20240212,15:07:49,0.5,750,201200
20240212,15:07:53,0.55,150,201200
20240212,15:08:01,0.5,500,201200
20240212,15:09:01,0.5,450,201200
20240212,15:09:17,0.5,2000,201200
20240212,15:09:48,0.55,250,201200
20240212,15:10:02,0.5,2050,201200
20240212,15:10:14,0.5,1250,201200
20240212,15:10:14,0.5,250,201200
20240212,15:10:18,0.5,1800,201200
20240212,15:10:20,0.5,1800,201200
20240212,15:10:22,0.5,1800,201200
20240212,15:10:24,0.5,1800,201200
20240212,15:10:24,0.5,50,201200
20240212,15:10:25,0.5,2650,201200
20240212,15:10:26,0.5,1000,201200
20240212,15:11:25,0.45,50,201200
20240212,15:11:35,0.45,50,201200
20240212,15:11:36,0.5,1750,201200
20240212,15:11:50,0.45,550,201200
20240212,15:11:52,0.45,50,201200
20240212,15:12:03,0.45,100,201200
20240212,15:12:29,0.45,100,201200
20240212,15:12:58,0.45,50,201200
20240212,15:13:03,0.5,500,201200
20240212,15:13:17,0.45,50,201200
20240212,15:13:31,0.45,150,201200
20240212,15:13:43,0.45,50,201200
20240212,15:14:53,0.45,50,201200
20240212,15:15:53,0.45,250,201200
20240212,15:15:56,0.45,500,201200
20240212,15:16:39,0.45,350,201200
20240212,15:16:54,0.5,750,201450
20240212,15:17:08,0.45,650,201450
20240212,15:17:23,0.45,1600,201450
20240212,15:17:24,0.45,50,201450
20240212,15:17:25,0.45,50,201450
20240212,15:17:26,0.45,50,201450
20240212,15:17:27,0.45,500,201450
20240212,15:17:30,0.45,650,201450
20240212,15:17:32,0.45,50,201450
20240212,15:17:34,0.45,450,201450
20240212,15:17:51,0.45,200,201450
20240212,15:17:54,0.45,1000,201450
20240212,15:17:56,0.45,200,201450
20240212,15:18:50,0.45,400,201450
20240212,15:18:51,0.45,600,201450
20240212,15:19:25,0.45,350,201450
20240212,15:19:43,0.45,1750,203900
20240212,15:20:11,0.45,450,203900
20240212,15:20:51,0.45,1000,203900
20240212,15:21:09,0.45,1650,203900
20240212,15:21:43,0.45,500,203900
20240212,15:21:44,0.5,1100,203900
20240212,15:21:54,0.45,250,203900
20240212,15:21:55,0.45,500,203900
20240212,15:22:08,0.5,50,203900
20240212,15:22:18,0.45,550,203900
20240212,15:22:19,0.45,50,203900
20240212,15:22:20,0.45,5300,203900
20240212,15:22:22,0.45,50,204250
20240212,15:22:25,0.45,1000,204250
20240212,15:22:30,0.45,1000,204250
20240212,15:22:31,0.45,100,204250
20240212,15:22:33,0.5,50,204250
20240212,15:22:35,0.45,750,204250
20240212,15:22:35,0.45,50,204250
20240212,15:23:09,0.45,500,204250
20240212,15:23:30,0.45,450,204250
20240212,15:23:36,0.45,500,204250
20240212,15:23:56,0.45,750,204250
20240212,15:24:14,0.45,50,204250
20240212,15:24:27,0.45,1800,204250
20240212,15:24:36,0.45,1800,204250
20240212,15:24:41,0.45,250,204250
20240212,15:24:45,0.45,1000,204250
20240212,15:24:56,0.45,1250,204250
20240212,15:24:58,0.45,250,204250
20240212,15:25:00,0.45,900,204250
20240212,15:25:11,0.5,1450,204250
20240212,15:25:17,0.45,500,204250
20240212,15:25:41,0.45,950,205250
20240212,15:25:48,0.45,750,205250
20240212,15:25:55,0.5,600,205250
20240212,15:26:13,0.45,6350,205250
20240212,15:26:18,0.45,250,205250
20240212,15:27:53,0.45,1750,205250
20240212,15:27:55,0.5,1500,205250
20240212,15:27:56,0.5,1500,205250
20240212,15:27:58,0.5,1500,205250
20240212,15:27:59,0.5,1500,205250
20240212,15:28:01,0.5,1500,205250
20240212,15:28:02,0.5,1500,205250
20240212,15:28:03,0.45,150,205250
20240212,15:28:17,0.5,100,205250
20240212,15:28:18,0.5,50,205250
20240212,15:28:31,0.5,1250,205150
20240212,15:29:02,0.45,800,205150
20240212,15:29:16,0.45,250,205150
20240212,15:29:16,0.45,450,205150
20240212,15:29:28,0.45,50,205150
20240212,15:29:55,0.5,1600,205150
20240213,09:15:01,0.5,1,204150
20240213,09:15:01,0.45,100,204150
20240213,09:15:03,0.5,1500,204150
20240213,09:15:04,0.5,200,204150
20240213,09:15:05,0.5,250,204150
20240213,09:15:06,0.5,100,204150
20240213,09:15:07,0.5,200,204150
20240213,09:15:09,0.5,100,204150
20240213,09:15:11,0.5,500,204150
20240213,09:15:12,0.5,450,204150
20240213,09:15:15,0.5,100,204150
20240213,09:15:16,0.5,1600,204150
20240213,09:15:16,0.5,350,204150
20240213,09:15:18,0.5,50,204150
20240213,09:15:23,0.5,100,204150
20240213,09:15:24,0.5,350,204150
20240213,09:15:26,0.5,200,204150
20240213,09:15:27,0.5,150,204150
20240213,09:15:44,0.5,50,204150
20240213,09:15:46,0.5,1800,204150
20240213,09:15:48,0.5,1800,204150
20240213,09:15:49,0.5,1800,204150
20240213,09:15:50,0.5,1800,204150
20240213,09:15:51,0.5,350,204150
20240213,09:15:52,0.5,1800,204150
20240213,09:15:53,0.5,3600,204150
20240213,09:15:54,0.5,1800,204150
20240213,09:15:56,0.5,150,204150
20240213,09:15:59,0.55,50,204150
20240213,09:16:01,0.55,50,204150
20240213,09:16:01,0.5,50,204150
20240213,09:16:08,0.55,1800,204150
20240213,09:16:25,0.55,50,204150
20240213,09:16:37,0.5,50,204150
20240213,09:16:38,0.55,50,204150
20240213,09:16:41,0.55,50,204150
20240213,09:16:48,0.55,150,204150
20240213,09:16:52,0.55,50,204150
20240213,09:17:13,0.55,50,204150
20240213,09:17:23,0.55,100,204150
20240213,09:17:32,0.55,1800,204150
20240213,09:17:39,0.55,550,204150
20240213,09:17:40,0.55,100,204150
20240213,09:17:41,0.55,100,204150
20240213,09:17:46,0.5,50,204150
20240213,09:17:46,0.55,50,204150
20240213,09:17:49,0.5,1800,204150
20240213,09:17:49,0.5,750,204150
20240213,09:17:53,0.55,100,204150
20240213,09:18:01,0.55,50,204150
20240213,09:18:04,0.55,150,204150
20240213,09:18:12,0.55,50,204150
20240213,09:18:33,0.55,50,203450
20240213,09:18:38,0.55,700,203450
20240213,09:18:39,0.55,1800,203450
20240213,09:18:45,0.5,50,203450
20240213,09:18:47,0.55,550,203450
20240213,09:18:47,0.5,50,203450
20240213,09:18:59,0.45,150,203450
20240213,09:19:10,0.5,150,203450
20240213,09:19:11,0.45,150,203450
20240213,09:19:12,0.45,1800,203450
20240213,09:19:13,0.45,1800,203450
20240213,09:19:33,0.5,300,203450
20240213,09:19:34,0.5,200,203450
20240213,09:19:40,0.5,200,203450
20240213,09:19:45,0.5,50,203450
20240213,09:19:45,0.5,250,203450
20240213,09:19:51,0.5,1800,203450
20240213,09:19:52,0.5,2050,203450
20240213,09:19:57,0.5,1800,203450
20240213,09:19:57,0.45,1800,203450
20240213,09:19:58,0.5,3950,203450
20240213,09:19:59,0.5,1800,203450
20240213,09:20:00,0.5,3850,203450
20240213,09:20:01,0.5,5400,203450
20240213,09:20:02,0.5,1800,203450
20240213,09:20:19,0.5,50,203450
20240213,09:20:30,0.5,50,203450
20240213,09:20:36,0.5,50,203450
20240213,09:20:37,0.5,50,203450
20240213,09:20:40,0.55,50,203450
20240213,09:20:41,0.5,1800,203450
20240213,09:20:52,0.55,100,203450
20240213,09:21:10,0.55,50,203450
20240213,09:21:14,0.5,50,203450
20240213,09:21:29,0.5,50,207950
20240213,09:21:57,0.5,50,207950
20240213,09:22:02,0.5,50,207950
20240213,09:22:26,0.5,100,207950
20240213,09:22:59,0.5,1800,207950
20240213,09:23:00,0.5,1850,207950
20240213,09:23:01,0.5,1800,207950
20240213,09:23:02,0.5,450,207950
20240213,09:23:09,0.5,1800,207950
20240213,09:23:11,0.5,1800,207950
20240213,09:23:24,0.5,100,207950
20240213,09:23:27,0.5,50,207950
20240213,09:23:28,0.5,1800,207950
20240213,09:23:31,0.5,1800,207950
20240213,09:23:35,0.55,50,207950
20240213,09:23:43,0.55,100,207950
20240213,09:23:44,0.5,1800,207950
20240213,09:23:45,0.5,550,207950
20240213,09:23:59,0.5,50,207950
20240213,09:24:00,0.45,50,207950
20240213,09:24:01,0.45,50,207950
20240213,09:24:28,0.5,50,207950
20240213,09:25:01,0.5,300,208250
20240213,09:25:04,0.45,550,208250
20240213,09:25:13,0.5,400,208250
20240213,09:25:14,0.45,650,208250
20240213,09:25:18,0.5,50,208250
20240213,09:25:18,0.5,500,208250
20240213,09:25:25,0.5,50,208250
20240213,09:25:30,0.5,100,208250
20240213,09:25:34,0.5,200,208250
20240213,09:25:39,0.5,650,208250
20240213,09:25:41,0.5,100,208250
20240213,09:25:42,0.5,100,208250
20240213,09:25:43,0.5,100,208250
20240213,09:25:44,0.5,100,208250
20240213,09:25:45,0.5,100,208250
20240213,09:25:46,0.5,100,208250
20240213,09:25:46,0.5,1000,208250
20240213,09:25:47,0.5,50,208250
20240213,09:25:48,0.5,50,208250
20240213,09:25:49,0.5,100,208250
20240213,09:25:50,0.5,700,208250
20240213,09:25:54,0.5,50,208250
20240213,09:26:05,0.5,3000,208250
20240213,09:26:06,0.5,3000,208250
20240213,09:26:08,0.5,1800,208250
20240213,09:26:09,0.5,1050,208250
20240213,09:26:24,0.5,450,208250
20240213,09:26:25,0.5,50,208250
20240213,09:26:26,0.5,100,208250
20240213,09:26:27,0.5,450,208250
20240213,09:26:36,0.5,850,208250
20240213,09:26:37,0.5,200,208250
20240213,09:26:39,0.5,150,208250
20240213,09:26:40,0.5,850,208250
20240213,09:26:41,0.5,700,208250
20240213,09:26:42,0.5,500,208250
20240213,09:26:46,0.5,150,208250
20240213,09:27:00,0.5,50,208250
20240213,09:27:33,0.45,150,208250
20240213,09:28:11,0.5,50,210400
20240213,09:28:20,0.5,300,210400
20240213,09:28:55,0.5,400,210400
20240213,09:29:02,0.5,50,210400
20240213,09:30:46,0.5,250,210400
20240213,09:31:01,0.45,1700,210400
20240213,09:31:02,0.45,2000,210400
20240213,09:31:03,0.5,350,210400
20240213,09:31:05,0.5,250,210400
20240213,09:31:36,0.5,1250,210400
20240213,09:31:40,0.5,2600,210400
20240213,09:32:57,0.45,50,210400
20240213,09:33:01,0.5,50,210400
20240213,09:33:04,0.5,650,210400
20240213,09:33:07,0.5,400,210400
20240213,09:33:13,0.5,350,210400
20240213,09:33:29,0.45,100,210400
20240213,09:33:50,0.5,700,210400
20240213,09:33:52,0.5,550,212200
20240213,09:33:54,0.5,50,212200
20240213,09:34:02,0.5,50,212200
20240213,09:34:14,0.45,200,212200
20240213,09:34:46,0.5,50,212200
20240213,09:35:03,0.5,150,212200
20240213,09:35:05,0.45,1800,212200
20240213,09:35:43,0.45,1000,212200
20240213,09:36:23,0.5,250,212200
20240213,09:37:03,0.5,100,212200
20240213,09:37:14,0.5,50,213750
20240213,09:37:17,0.5,50,213750
20240213,09:37:18,0.5,50,213750
20240213,09:37:26,0.5,250,213750
20240213,09:37:48,0.5,800,213750
20240213,09:38:34,0.5,250,213750
20240213,09:38:43,0.45,50,213750
20240213,09:38:48,0.5,50,213750
20240213,09:38:51,0.5,8100,213750
20240213,09:38:55,0.5,500,213750
20240213,09:39:11,0.5,1400,213750
20240213,09:39:43,0.5,1400,213200
20240213,09:39:46,0.5,500,213200
20240213,09:39:50,0.5,100,213200
20240213,09:39:51,0.5,50,213200
20240213,09:39:52,0.5,50,213200
20240213,09:39:53,0.5,50,213200
20240213,09:40:00,0.45,200,213200
20240213,09:40:01,0.5,50,213200
20240213,09:40:02,0.45,950,213200
20240213,09:40:03,0.45,650,213200
20240213,09:40:18,0.5,250,213200
20240213,09:41:26,0.45,600,213200
20240213,09:41:27,0.45,400,213200
20240213,09:41:29,0.45,100,213200
20240213,09:43:13,0.5,50,210600
20240213,09:43:34,0.45,100,210600
20240213,09:44:01,0.45,50,210600
20240213,09:44:03,0.5,50,210600
20240213,09:44:54,0.5,50,210600
20240213,09:44:58,0.5,50,210600
20240213,09:45:31,0.45,450,210600
20240213,09:45:54,0.45,50,210600
20240213,09:45:59,0.45,450,210550
20240213,09:46:12,0.5,300,210550
20240213,09:46:53,0.45,300,210550
20240213,09:47:50,0.45,50,210550
20240213,09:47:53,0.45,50,210550
20240213,09:47:57,0.45,50,210550
20240213,09:47:58,0.5,50,210550
20240213,09:47:59,0.45,50,210550
20240213,09:48:00,0.45,50,210550
20240213,09:52:16,0.45,3750,210550
20240213,09:52:17,0.45,500,210800
20240213,09:52:29,0.45,250,210800
20240213,09:55:05,0.5,250,210800
20240213,09:55:07,0.5,250,210800
20240213,09:55:11,0.45,500,210800
20240213,09:55:12,0.45,800,210800
20240213,09:56:11,0.5,250,210800
20240213,09:56:52,0.45,50,210800
20240213,09:57:37,0.5,250,210100
20240213,09:57:56,0.5,1800,210100
20240213,09:57:57,0.5,3050,210100
20240213,09:57:58,0.5,1800,210100
20240213,09:57:59,0.5,3000,210100
20240213,09:57:59,0.5,1800,210100
20240213,09:58:00,0.5,2600,210100
20240213,09:58:01,0.5,1800,210100
20240213,09:58:02,0.5,1800,210100
20240213,09:58:04,0.5,4600,210100
20240213,09:58:06,0.55,1800,210100
20240213,09:58:07,0.55,1800,210100
20240213,09:58:14,0.55,1800,210100
20240213,09:58:15,0.55,1800,210100
20240213,09:58:17,0.55,1800,210100
20240213,09:58:18,0.5,100,210100
20240213,09:58:19,0.55,1800,210100
20240213,09:58:21,0.5,550,210100
20240213,09:58:22,0.5,900,210100
20240213,09:58:27,0.55,1800,210100
20240213,09:58:31,0.55,1950,210100
20240213,09:58:56,0.5,350,210100
20240213,09:59:05,0.55,50,210100
20240213,09:59:06,0.55,50,210100
20240213,09:59:10,0.5,100,210100
20240213,09:59:13,0.5,50,210100
20240213,09:59:19,0.55,700,210100
20240213,09:59:26,0.5,50,210100
20240213,09:59:36,0.5,650,210100
20240213,09:59:42,0.5,350,210100
20240213,09:59:54,0.55,700,210100
20240213,09:59:55,0.55,2250,210100
20240213,09:59:59,0.55,800,210100
20240213,10:00:23,0.5,1300,210100
20240213,10:00:43,0.5,50,215800
20240213,10:00:56,0.5,300,215800
20240213,10:00:59,0.5,250,215800
20240213,10:01:00,0.55,400,215800
20240213,10:01:41,0.55,50,215800
20240213,10:02:09,0.55,3000,215800
20240213,10:02:25,0.55,1800,215800
20240213,10:02:27,0.6,100,215800
20240213,10:02:29,0.6,100,215800
20240213,10:02:30,0.55,100,215800
20240213,10:02:38,0.55,350,215800
20240213,10:04:01,0.55,50,215800
20240213,10:04:05,0.55,250,211500
20240213,10:04:11,0.55,1700,211500
20240213,10:04:14,0.5,400,211500
20240213,10:04:15,0.6,1000,211500
20240213,10:04:25,0.55,400,211500
20240213,10:04:50,0.55,100,211500
20240213,10:04:57,0.55,100,211500
20240213,10:05:04,0.55,250,211500
20240213,10:05:08,0.5,400,211500
20240213,10:06:02,0.5,50,211500
20240213,10:06:14,0.5,50,211500
20240213,10:07:06,0.5,50,211500
20240213,10:07:27,0.55,50,210950
20240213,10:07:39,0.55,50,210950
20240213,10:08:11,0.55,1000,210950
20240213,10:08:30,0.55,50,210950
20240213,10:08:34,0.5,50,210950
20240213,10:08:41,0.55,50,210950
20240213,10:08:57,0.55,50,210950
20240213,10:09:49,0.55,750,210950
20240213,10:10:01,0.55,250,212050
20240213,10:10:27,0.55,350,212050
20240213,10:10:36,0.5,50,212050
20240213,10:10:44,0.5,50,212050
20240213,10:10:53,0.55,450,212050
20240213,10:10:56,0.55,850,212050
20240213,10:10:57,0.5,350,212050
20240213,10:11:22,0.5,50,212050
20240213,10:11:23,0.5,200,212050
20240213,10:11:45,0.55,500,212050
20240213,10:12:16,0.55,50,212050
20240213,10:12:34,0.55,2050,212050
20240213,10:13:00,0.55,50,210150
20240213,10:13:16,0.55,250,210150
20240213,10:13:19,0.6,50,210150
20240213,10:13:23,0.55,100,210150
20240213,10:13:23,0.55,650,210150
20240213,10:13:24,0.55,950,210150
20240213,10:13:33,0.6,50,210150
20240213,10:13:38,0.55,500,210150
20240213,10:14:13,0.5,50,210150
20240213,10:14:25,0.55,150,210150
20240213,10:14:50,0.55,200,210150
20240213,10:14:51,0.55,700,210150
20240213,10:14:55,0.55,250,210150
20240213,10:15:44,0.6,500,208900
20240213,10:15:45,0.6,250,208900
20240213,10:16:00,0.6,1400,208900
20240213,10:16:03,0.6,250,208900
20240213,10:16:21,0.55,150,208900
20240213,10:16:22,0.6,50,208900
20240213,10:16:41,0.6,50,208900
20240213,10:16:59,0.55,50,208900
20240213,10:18:03,0.55,1400,208900
20240213,10:18:44,0.55,250,208900
20240213,10:19:48,0.55,1750,206850
20240213,10:20:00,0.55,1450,206850
20240213,10:21:02,0.5,100,206850
20240213,10:21:32,0.5,100,206850
20240213,10:21:33,0.5,200,206850
20240213,10:21:39,0.5,1200,206850
20240213,10:21:40,0.5,800,206850
20240213,10:21:41,0.55,700,206850
20240213,10:21:45,0.5,150,206850
20240213,10:21:56,0.55,250,206850
20240213,10:21:57,0.6,1800,206850
20240213,10:22:15,0.55,50,206850
20240213,10:22:29,0.5,1550,206850
20240213,10:22:36,0.5,1800,206850
20240213,10:22:37,0.55,1000,206850
20240213,10:23:02,0.5,50,206850
20240213,10:24:00,0.55,50,206850
20240213,10:24:36,0.55,50,206850
20240213,10:25:27,0.5,1500,206850
20240213,10:25:50,0.55,150,206500
20240213,10:25:51,0.5,200,206500
20240213,10:26:38,0.5,100,206500
20240213,10:28:10,0.55,250,206250
20240213,10:28:27,0.55,1800,206250
20240213,10:28:28,0.55,1800,206250
20240213,10:28:32,0.55,200,206250
20240213,10:28:41,0.55,50,206250
20240213,10:29:10,0.55,250,206250
20240213,10:30:01,0.55,50,206250
20240213,10:30:06,0.5,3600,206250
20240213,10:30:07,0.5,200,206250
20240213,10:30:51,0.55,50,206250
20240213,10:31:26,0.55,250,207250
20240213,10:31:48,0.5,1000,207250
20240213,10:32:54,0.55,250,207250
20240213,10:33:17,0.55,50,207250
20240213,10:33:27,0.55,50,207250
20240213,10:33:52,0.55,100,207250
20240213,10:34:11,0.55,500,207250
20240213,10:34:20,0.55,1500,207250
20240213,10:35:27,0.55,100,207250
20240213,10:35:44,0.5,100,207250
20240213,10:35:51,0.55,50,207250
20240213,10:38:04,0.55,50,207250
20240213,10:38:34,0.55,300,207250
20240213,10:38:40,0.55,250,207250
20240213,10:39:18,0.5,350,207250
20240213,10:39:40,0.5,100,207250
20240213,10:39:47,0.5,100,207250
20240213,10:40:26,0.5,50,207700
20240213,10:41:20,0.55,50,207700
20240213,10:41:42,0.5,150,207700
20240213,10:42:22,0.5,400,207700
20240213,10:43:26,0.5,50,207900
20240213,10:44:15,0.55,300,207900
20240213,10:44:24,0.55,200,207900
20240213,10:44:46,0.5,50,207900
20240213,10:45:34,0.5,1800,207900
20240213,10:45:35,0.5,1200,207900
20240213,10:45:47,0.55,100,206900
20240213,10:47:06,0.55,150,206900
20240213,10:47:24,0.55,550,206900
20240213,10:47:59,0.55,50,206900
20240213,10:48:09,0.55,50,206900
20240213,10:48:48,0.5,50,206900
20240213,10:48:59,0.55,550,206900
20240213,10:49:00,0.5,150,206900
20240213,10:49:05,0.5,900,206900
20240213,10:49:10,0.5,100,206900
20240213,10:50:00,0.5,350,206900
20240213,10:50:04,0.5,50,206900
20240213,10:50:29,0.55,1800,206900
20240213,10:50:31,0.55,1800,206900
20240213,10:50:35,0.55,300,206900
20240213,10:50:41,0.55,1800,206900
20240213,10:50:43,0.5,50,206900
20240213,10:50:57,0.55,250,206900
20240213,10:50:58,0.55,100,206900
20240213,10:50:59,0.55,350,206900
20240213,10:51:05,0.55,100,206900
20240213,10:51:11,0.55,1800,206900
20240213,10:51:21,0.5,100,206900
20240213,10:51:45,0.55,1600,199000
20240213,10:52:12,0.5,50,199000
20240213,10:52:19,0.6,450,199000
20240213,10:53:18,0.6,950,199000
20240213,10:53:24,0.6,300,199000
20240213,10:54:20,0.6,450,199000
20240213,10:54:45,0.55,150,199000
20240213,10:55:17,0.6,50,197400
20240213,10:55:31,0.55,50,197400
20240213,10:56:20,0.55,300,197400
20240213,10:56:30,0.6,50,197400
20240213,10:56:50,0.6,100,197400
20240213,10:56:54,0.6,50,197400
20240213,10:56:58,0.55,250,197400
20240213,10:57:03,0.55,150,197400
20240213,10:57:15,0.55,450,197400
20240213,10:58:38,0.6,50,197400
20240213,10:58:53,0.55,50,197400
20240213,10:58:54,0.55,50,197400
20240213,10:59:28,0.55,50,197400
20240213,10:59:33,0.55,350,197400
20240213,10:59:33,0.55,50,197400
20240213,10:59:57,0.6,1750,197400
20240213,10:59:58,0.6,50,197400
20240213,11:00:21,0.55,250,197400
20240213,11:00:22,0.55,1550,197400
20240213,11:00:23,0.55,250,197400
20240213,11:00:32,0.55,250,197400
20240213,11:00:37,0.55,50,197400
20240213,11:01:43,0.6,50,197700
20240213,11:02:29,0.6,200,197700
20240213,11:03:11,0.55,50,197700
20240213,11:03:29,0.55,200,197700
20240213,11:06:30,0.55,600,197700
20240213,11:06:48,0.6,50,197700
20240213,11:07:22,0.55,50,197700
20240213,11:07:49,0.6,50,197700
20240213,11:07:56,0.55,150,197700
20240213,11:08:01,0.6,100,197700
20240213,11:08:16,0.55,700,197700
20240213,11:08:25,0.5,50,197700
20240213,11:11:21,0.5,50,197650
20240213,11:13:09,0.6,550,197600
20240213,11:14:07,0.6,1800,197600
20240213,11:15:16,0.6,50,197600
20240213,11:15:29,0.6,50,197600
20240213,11:17:00,0.55,50,197600
20240213,11:17:38,0.55,100,195800
20240213,11:18:17,0.55,150,195800
20240213,11:18:29,0.6,100,195800
20240213,11:18:42,0.5,100,195800
20240213,11:19:16,0.6,50,195800
20240213,11:19:40,0.6,1950,195700
20240213,11:19:55,0.5,1500,195700
20240213,11:20:14,0.55,50,195700
20240213,11:20:15,0.55,100,195700
20240213,11:23:29,0.6,50,195700
20240213,11:24:06,0.5,50,194250
20240213,11:24:25,0.55,50,194250
20240213,11:27:18,0.6,100,194250
20240213,11:27:34,0.6,50,194250
20240213,11:28:17,0.6,50,194250
20240213,11:28:19,0.6,100,194250
20240213,11:29:07,0.5,900,194250
20240213,11:29:10,0.5,900,194250
20240213,11:29:14,0.5,900,194250
20240213,11:29:16,0.5,900,194250
20240213,11:29:19,0.5,900,194250
20240213,11:29:21,0.5,900,194250
20240213,11:29:24,0.5,900,194250
20240213,11:29:26,0.5,900,194250
20240213,11:29:28,0.5,900,194250
20240213,11:29:31,0.5,900,194250
20240213,11:29:33,0.5,900,194250
20240213,11:29:36,0.5,600,194250
20240213,11:29:39,0.5,50,194250
20240213,11:29:57,0.55,750,194250
20240213,11:30:30,0.55,50,194250
20240213,11:31:21,0.5,300,194250
20240213,11:34:09,0.55,50,194250
20240213,11:34:30,0.55,50,194250
20240213,11:34:42,0.5,50,194250
20240213,11:35:04,0.55,50,194250
20240213,11:36:50,0.55,50,194250
20240213,11:37:58,0.5,50,194250
20240213,11:38:32,0.5,100,194250
20240213,11:39:06,0.55,50,194250
20240213,11:40:24,0.5,50,194250
20240213,11:40:25,0.5,100,194250
20240213,11:41:44,0.5,50,194250
20240213,11:42:09,0.5,1800,194250
20240213,11:42:12,0.55,50,194250
20240213,11:42:49,0.55,50,194250
20240213,11:43:12,0.55,550,196050
20240213,11:43:25,0.5,900,196050
20240213,11:44:10,0.5,1800,196050
20240213,11:46:44,0.55,50,196050
20240213,11:47:38,0.5,50,198750
20240213,11:48:58,0.5,50,198750
20240213,11:49:17,0.45,50,198750
20240213,11:49:59,0.5,150,198750
20240213,11:52:51,0.45,50,198750
20240213,11:52:55,0.45,50,198750
20240213,11:53:13,0.45,50,198750
20240213,11:53:30,0.5,1800,198750
20240213,11:53:31,0.45,50,198750
20240213,11:53:32,0.5,1400,198750
20240213,11:53:58,0.5,50,198750
20240213,11:54:01,0.55,50,198750
20240213,11:54:01,0.5,250,198750
20240213,11:54:57,0.55,50,199750
20240213,11:55:22,0.5,50,199750
20240213,11:56:03,0.55,50,199750
20240213,11:59:09,0.55,50,199750
20240213,11:59:25,0.5,50,199900
20240213,11:59:30,0.5,50,199900
20240213,11:59:49,0.5,50,199900
20240213,12:00:26,0.5,200,199900
20240213,12:00:36,0.5,100,199900
20240213,12:01:03,0.55,250,199550
20240213,12:01:04,0.55,100,199550
20240213,12:02:08,0.55,50,199550
20240213,12:02:41,0.5,50,199550
20240213,12:04:56,0.5,50,199600
20240213,12:06:10,0.5,150,199600
20240213,12:06:23,0.5,100,199600
20240213,12:07:13,0.5,50,199300
20240213,12:07:21,0.5,50,199300
20240213,12:07:29,0.5,50,199300
20240213,12:09:23,0.5,800,199300
20240213,12:09:58,0.55,100,199300
20240213,12:10:02,0.5,50,198800
20240213,12:11:19,0.5,50,198800
20240213,12:11:21,0.55,50,198800
20240213,12:11:57,0.55,250,198800
20240213,12:13:31,0.5,100,199200
20240213,12:13:40,0.55,50,199200
20240213,12:14:05,0.55,500,199200
20240213,12:14:37,0.55,500,199200
20240213,12:14:43,0.55,50,199200
20240213,12:14:55,0.5,50,199200
20240213,12:15:03,0.55,500,199200
20240213,12:15:06,0.5,850,199200
20240213,12:17:29,0.55,50,200000
20240213,12:17:38,0.5,650,200000
20240213,12:18:03,0.5,250,200000
20240213,12:23:06,0.5,50,200000
20240213,12:23:11,0.5,250,200000
20240213,12:24:22,0.5,50,200000
20240213,12:25:07,0.5,500,200000
20240213,12:25:26,0.5,200,200000
20240213,12:26:15,0.45,50,200000
20240213,12:29:47,0.5,500,200050
20240213,12:30:41,0.5,950,200050
20240213,12:31:21,0.45,1800,200800
20240213,12:31:22,0.45,1800,200800
20240213,12:33:04,0.45,200,200800
20240213,12:33:09,0.45,50,200800
20240213,12:34:40,0.5,1800,200800
20240213,12:34:41,0.5,1800,199700
20240213,12:34:42,0.5,1800,199700
20240213,12:34:55,0.5,1800,199700
20240213,12:39:25,0.5,400,199700
20240213,12:40:17,0.5,50,201900
20240213,12:41:56,0.45,50,202150
20240213,12:43:20,0.45,250,202150
20240213,12:45:05,0.45,50,202150
20240213,12:45:13,0.5,50,202150
20240213,12:48:12,0.5,1350,202150
20240213,12:48:14,0.5,150,202150
20240213,12:51:13,0.45,250,202150
20240213,12:51:41,0.45,1350,202150
20240213,12:51:59,0.45,250,202150
20240213,12:53:51,0.5,1850,202150
20240213,12:54:22,0.5,50,202150
20240213,12:58:26,0.45,500,202150
20240213,12:59:52,0.5,1800,200350
20240213,12:59:54,0.45,600,200350
20240213,13:00:28,0.5,50,200350
20240213,13:01:07,0.45,500,200350
20240213,13:01:31,0.45,1800,198550
20240213,13:02:56,0.45,100,198550
20240213,13:04:43,0.45,100,198550
20240213,13:04:54,0.45,50,198550
20240213,13:06:40,0.45,2500,198550
20240213,13:08:31,0.45,400,198550
20240213,13:08:34,0.45,50,198550
20240213,13:10:07,0.45,150,198550
20240213,13:22:25,0.45,100,198550
20240213,13:27:52,0.45,50,198550
20240213,13:29:00,0.45,50,198550
20240213,13:34:10,0.45,50,198550
20240213,13:36:40,0.5,50,198550
20240213,13:36:54,0.45,250,198550
20240213,13:39:32,0.5,200,198550
20240213,13:39:37,0.45,50,198550
20240213,13:40:56,0.5,1800,198550
20240213,13:41:22,0.5,1800,198550
20240213,13:41:22,0.5,1550,198550
20240213,13:41:26,0.45,50,198550
20240213,13:41:34,0.5,450,198550
20240213,13:41:37,0.5,1800,198550
20240213,13:43:33,0.5,1850,197450
20240213,13:44:09,0.5,850,197450
20240213,13:44:42,0.55,50,197450
20240213,13:45:17,0.5,1850,197450
20240213,13:45:31,0.5,250,197450
20240213,13:45:39,0.5,200,197450
20240213,13:46:12,0.55,50,197450
20240213,13:46:28,0.55,50,195750
20240213,13:46:42,0.5,50,195750
20240213,13:46:53,0.55,1800,195750
20240213,13:47:06,0.55,50,195750
20240213,13:47:15,0.55,50,195750
20240213,13:47:30,0.55,50,195750
20240213,13:47:38,0.55,500,195750
20240213,13:47:39,0.55,400,195750
20240213,13:47:40,0.55,200,195750
20240213,13:49:14,0.55,50,195750
20240213,13:49:24,0.55,50,192800
20240213,13:49:25,0.5,50,192800
20240213,13:49:42,0.5,650,192800
20240213,13:49:46,0.5,1400,192800
20240213,13:50:16,0.5,50,192800
20240213,13:51:10,0.5,50,192800
20240213,13:51:30,0.5,50,192800
20240213,13:51:30,0.5,100,192800
20240213,13:51:59,0.45,50,192800
20240213,13:52:08,0.45,50,192800
20240213,13:53:38,0.5,900,192800
20240213,13:54:32,0.5,50,191100
20240213,13:57:39,0.5,50,191100
20240213,13:59:39,0.45,50,191050
20240213,14:00:32,0.45,50,191050
20240213,14:01:01,0.45,2150,191050
20240213,14:04:46,0.5,50,191050
20240213,14:05:25,0.5,1800,189250
20240213,14:05:29,0.5,1100,189250
20240213,14:05:40,0.5,1800,189250
20240213,14:05:49,0.45,650,189250
20240213,14:05:51,0.45,50,189250
20240213,14:05:53,0.45,300,189250
20240213,14:05:54,0.45,250,189250
20240213,14:05:54,0.45,350,189250
20240213,14:05:55,0.45,400,189250
20240213,14:05:56,0.45,300,189250
20240213,14:06:24,0.5,100,189250
20240213,14:06:56,0.5,950,189250
20240213,14:07:17,0.5,50,186900
20240213,14:07:25,0.5,50,186900
20240213,14:07:57,0.5,100,186900
20240213,14:08:20,0.5,50,186900
20240213,14:08:23,0.5,4550,186900
20240213,14:08:25,0.5,1800,186900
20240213,14:08:27,0.5,600,186900
20240213,14:08:39,0.5,200,186900
20240213,14:08:40,0.5,300,186900
20240213,14:09:00,0.55,150,186900
20240213,14:09:03,0.5,1800,186900
20240213,14:09:05,0.5,100,186900
20240213,14:09:08,0.5,100,186900
20240213,14:09:16,0.5,50,186900
20240213,14:11:58,0.45,1600,186750
20240213,14:12:12,0.5,1600,186750
20240213,14:12:49,0.5,50,186750
20240213,14:13:41,0.45,50,186850
20240213,14:20:28,0.45,100,186850
20240213,14:20:32,0.45,50,186850
20240213,14:29:48,0.5,50,186850
20240213,14:33:58,0.5,2200,186900
20240213,14:34:55,0.5,50,188200
20240213,14:34:56,0.5,50,188200
20240213,14:34:57,0.5,250,188200
20240213,14:35:33,0.5,1800,188200
20240213,14:35:53,0.55,50,188200
20240213,14:35:54,0.55,200,188200
20240213,14:36:07,0.55,250,188200
20240213,14:37:32,0.55,50,186400
20240213,14:37:45,0.5,150,186400
20240213,14:38:48,0.5,150,186400
20240213,14:41:37,0.55,150,186400
20240213,14:43:39,0.55,500,186300
20240213,14:45:07,0.55,350,186300
20240213,14:45:23,0.55,650,186300
20240213,14:46:07,0.55,100,186300
20240213,14:47:09,0.5,50,186650
20240213,14:47:15,0.5,50,186650
20240213,14:47:17,0.5,250,186650
20240213,14:47:35,0.55,100,186650
20240213,14:47:49,0.5,50,186650
20240213,14:48:31,0.55,750,186650
20240213,14:48:34,0.5,50,186650
20240213,14:48:56,0.5,50,186650
20240213,14:48:57,0.55,100,186650
20240213,14:50:11,0.55,650,186650
20240213,14:50:29,0.55,650,186300
20240213,14:50:33,0.55,250,186300
20240213,14:50:38,0.55,50,186300
20240213,14:50:43,0.55,3150,186300
20240213,14:51:52,0.55,100,186300
20240213,14:53:53,0.5,500,186300
20240213,14:54:22,0.55,50,186300
20240213,14:54:23,0.55,1050,186300
20240213,14:54:53,0.55,50,186300
20240213,14:55:27,0.55,1400,186100
20240213,14:55:30,0.55,250,186100
20240213,14:55:37,0.55,550,186100
20240213,14:55:39,0.55,200,186100
20240213,14:55:47,0.55,250,186100
20240213,14:55:48,0.55,100,186100
20240213,14:55:51,0.55,250,186100
20240213,14:55:52,0.55,100,186100
20240213,14:55:57,0.55,200,186100
20240213,14:56:01,0.55,150,186100
20240213,14:56:09,0.55,200,186100
20240213,14:56:14,0.55,100,186100
20240213,14:56:58,0.55,100,186100
20240213,14:57:04,0.55,100,186100
20240213,14:57:08,0.55,250,186100
20240213,14:57:12,0.55,100,186100
20240213,14:57:17,0.55,100,186100
20240213,14:57:21,0.55,100,186100
20240213,14:57:26,0.55,100,186100
20240213,14:57:30,0.55,100,186100
20240213,14:57:34,0.55,100,186100
20240213,14:57:37,0.55,100,186100
20240213,14:57:38,0.55,1700,186100
20240213,14:57:40,0.55,800,186100
20240213,14:57:41,0.55,850,186100
20240213,14:57:43,0.5,1800,186100
20240213,14:57:54,0.55,1800,186100
20240213,14:57:58,0.55,100,186100
20240213,14:58:00,0.55,50,186100
20240213,14:58:02,0.55,200,186100
20240213,14:58:21,0.55,500,186100
20240213,14:58:39,0.55,250,186400
20240213,14:58:41,0.55,50,186400
20240213,14:58:44,0.55,50,186400
20240213,14:58:46,0.55,100,186400
20240213,14:59:13,0.6,550,186400
20240213,14:59:33,0.6,750,186400
20240213,14:59:35,0.55,850,186400
20240213,15:00:01,0.55,500,186400
20240213,15:00:09,0.55,400,186400
20240213,15:00:11,0.55,50,186400
20240213,15:00:11,0.55,100,186400
20240213,15:00:13,0.5,150,186400
20240213,15:00:17,0.55,50,186400
20240213,15:00:23,0.55,50,186400
20240213,15:00:27,0.6,50,186400
20240213,15:00:29,0.55,450,186400
20240213,15:00:34,0.55,650,186400
20240213,15:00:45,0.6,50,186400
20240213,15:00:58,0.55,100,186400
20240213,15:01:02,0.55,650,186400
20240213,15:01:09,0.55,50,186400
20240213,15:01:44,0.6,650,186250
20240213,15:02:06,0.6,250,186250
20240213,15:02:22,0.55,50,186250
20240213,15:02:52,0.6,300,186250
20240213,15:03:07,0.6,200,186250
20240213,15:03:22,0.6,500,186250
20240213,15:03:28,0.6,250,186250
20240213,15:03:30,0.6,500,186250
20240213,15:03:37,0.6,900,186250
20240213,15:03:38,0.6,50,186250
20240213,15:03:39,0.6,550,186250
20240213,15:03:40,0.6,200,186250
20240213,15:03:42,0.6,50,186250
20240213,15:03:44,0.6,450,186250
20240213,15:03:45,0.6,50,186250
20240213,15:03:47,0.6,50,186250
20240213,15:03:48,0.6,750,186250
20240213,15:03:49,0.6,50,186250
20240213,15:03:51,0.6,100,186250
20240213,15:03:52,0.6,150,186250
20240213,15:03:53,0.6,1800,186250
20240213,15:03:54,0.6,1850,186250
20240213,15:04:28,0.65,1900,188200
