date,time,tick_price,volume,open_interest
20240115,09:15:09,67.0,100,4100
20240115,09:15:34,42.7,800,4100
20240115,09:15:42,42.7,350,4100
20240115,09:15:56,43.4,50,4100
20240115,09:16:12,43.65,50,4100
20240115,09:16:20,43.3,350,4100
20240115,09:16:28,43.5,50,4100
20240115,09:16:35,42.8,300,4100
20240115,09:16:42,42.5,350,4100
20240115,09:16:49,42.5,500,4100
20240115,09:16:57,43.05,100,4100
20240115,09:17:04,43.05,750,4100
20240115,09:17:12,43.0,50,4100
20240115,09:17:19,43.0,50,4100
20240115,09:17:27,43.05,550,4100
20240115,09:17:35,43.2,250,4100
20240115,09:17:43,43.2,250,4100
20240115,09:17:51,43.1,200,4100
20240115,09:17:59,43.45,250,4100
20240115,09:18:07,43.75,150,4100
20240115,09:18:16,44.0,100,4100
20240115,09:18:26,44.4,250,4100
20240115,09:18:35,44.3,200,4100
20240115,09:18:44,44.35,100,4100
20240115,09:18:52,44.3,200,4100
20240115,09:18:59,44.15,50,4100
20240115,09:19:07,44.1,100,4100
20240115,09:19:15,43.95,150,4100
20240115,09:19:31,43.95,100,4100
20240115,09:19:39,43.95,450,4100
20240115,09:19:47,43.95,800,4100
20240115,09:20:37,44.35,300,7250
20240115,09:20:56,45.45,100,7250
20240115,09:21:05,45.65,100,7250
20240115,09:21:33,46.0,50,7250
20240115,09:21:54,46.75,100,7250
20240115,09:22:05,46.8,300,7250
20240115,09:22:14,47.05,200,7250
20240115,09:22:22,47.05,100,7250
20240115,09:22:31,47.1,300,7250
20240115,09:22:39,47.0,1000,7250
20240115,09:22:47,46.95,150,7250
20240115,09:22:55,47.1,950,7250
20240115,09:23:03,47.2,750,7250
20240115,09:23:11,47.15,50,7250
20240115,09:23:21,47.1,500,7250
20240115,09:23:47,46.75,50,9400
20240115,09:24:04,46.1,1000,9400
20240115,09:24:13,46.55,450,9400
20240115,09:24:22,47.9,18400,9400
20240115,09:24:31,48.0,300,9400
20240115,09:24:39,48.4,1750,9400
20240115,09:24:48,48.6,1350,9400
20240115,09:24:57,48.5,800,9400
20240115,09:25:05,48.5,600,9400
20240115,09:25:14,48.35,900,9400
20240115,09:25:24,48.5,250,9400
20240115,09:25:33,48.2,300,9400
20240115,09:25:42,48.25,200,9400
20240115,09:25:51,48.3,300,9400
20240115,09:25:59,48.2,100,9400
20240115,09:26:16,48.2,100,9400
20240115,09:26:24,47.9,550,9400
20240115,09:26:32,47.8,1350,9400
20240115,09:26:56,47.8,200,31450
20240115,09:27:04,47.8,50,31450
20240115,09:27:12,47.4,500,31450
20240115,09:27:29,47.7,50,31450
20240115,09:28:05,48.4,350,31450
20240115,09:28:25,48.1,850,31450
20240115,09:28:35,47.6,450,31450
20240115,09:28:44,46.7,250,31450
20240115,09:28:52,46.5,1600,31450
20240115,09:29:00,46.5,1850,31450
20240115,09:29:09,46.3,200,31450
20240115,09:29:10,46.35,200,31450
20240115,09:29:22,46.35,300,31450
20240115,09:29:41,46.2,100,36700
20240115,09:29:44,46.0,50,36700
20240115,09:30:04,45.05,50,36700
20240115,09:30:27,44.9,50,36700
20240115,09:31:02,45.1,150,36700
20240115,09:31:12,44.9,100,36700
20240115,09:31:29,44.4,150,36700
20240115,09:31:49,45.0,50,36700
20240115,09:32:06,44.5,50,36700
20240115,09:32:22,43.8,500,36700
20240115,09:32:31,43.6,250,36700
20240115,09:32:56,43.25,200,36700
20240115,09:33:13,43.25,100,36700
20240115,09:33:30,43.5,400,36700
20240115,09:33:48,43.7,50,36700
20240115,09:33:57,44.0,150,36700
20240115,09:34:56,44.15,1050,36700
20240115,09:35:04,43.9,100,36700
20240115,09:35:21,44.0,100,36700
20240115,09:35:29,44.2,250,36700
20240115,09:36:02,44.2,50,37900
20240115,09:36:10,44.0,50,37900
20240115,09:36:26,43.7,250,37900
20240115,09:36:43,44.0,500,37900
20240115,09:36:58,44.3,350,37900
20240115,09:37:06,44.5,150,37900
20240115,09:37:14,44.5,1850,37900
20240115,09:37:30,44.5,500,37900
20240115,09:37:46,44.5,200,37900
20240115,09:37:54,44.5,50,37900
20240115,09:38:03,44.5,450,37900
20240115,09:38:19,44.8,1300,37900
20240115,09:38:50,44.9,300,39300
20240115,09:38:59,44.75,300,39300
20240115,09:39:25,45.35,200,39300
20240115,09:39:34,45.55,250,39300
20240115,09:39:42,45.6,250,39300
20240115,09:39:51,45.7,750,39300
20240115,09:39:59,45.55,250,39300
20240115,09:41:23,45.25,50,39300
20240115,09:41:32,44.95,150,39300
20240115,09:41:43,45.1,200,39300
20240115,09:41:51,44.95,100,38550
20240115,09:42:17,44.85,450,38550
20240115,09:42:26,44.95,200,38550
20240115,09:42:35,45.1,150,38550
20240115,09:42:43,45.55,400,38550
20240115,09:43:00,45.05,100,38550
20240115,09:43:09,45.0,100,38550
20240115,09:43:17,44.95,150,38550
20240115,09:43:34,44.95,200,38550
20240115,09:43:42,44.85,50,38550
20240115,09:43:50,44.8,1850,38550
20240115,09:44:15,45.4,300,38550
20240115,09:44:24,45.4,400,38550
20240115,09:44:32,45.3,50,38550
20240115,09:44:40,45.2,50,38550
20240115,09:44:48,45.3,50,38550
20240115,09:44:56,45.3,250,38550
20240115,09:45:15,44.7,50,38550
20240115,09:45:24,44.9,100,38550
20240115,09:45:32,44.85,300,38550
20240115,09:45:49,45.3,100,38550
20240115,09:45:57,45.2,1050,38550
20240115,09:46:15,45.45,250,38550
20240115,09:46:23,45.35,2000,38550
20240115,09:46:55,45.15,500,38550
20240115,09:47:03,45.2,50,38550
20240115,09:47:11,45.25,100,38550
20240115,09:47:20,45.2,250,38550
20240115,09:47:28,45.15,400,38550
20240115,09:47:46,44.65,50,40250
20240115,09:48:03,44.5,100,40250
20240115,09:48:12,44.25,150,40250
20240115,09:48:20,44.25,1900,40250
20240115,09:48:30,44.05,700,40250
20240115,09:48:40,43.95,400,40250
20240115,09:48:49,43.95,100,40250
20240115,09:48:59,43.7,1250,40250
20240115,09:49:08,43.7,550,40250
20240115,09:49:15,43.7,50,40250
20240115,09:49:26,43.85,50,40250
20240115,09:49:30,43.65,200,40250
20240115,09:49:35,43.55,750,40250
20240115,09:49:36,43.65,200,40250
20240115,09:49:37,43.55,50,40250
20240115,09:49:48,43.7,100,40250
20240115,09:49:53,43.75,2000,40250
20240115,09:49:54,43.75,50,40250
20240115,09:49:56,43.75,1450,40250
20240115,09:49:59,43.8,100,40250
20240115,09:50:00,43.75,450,40250
20240115,09:50:02,43.75,50,40250
20240115,09:50:04,43.5,50,40250
20240115,09:50:08,43.5,200,40250
20240115,09:50:17,43.7,500,40250
20240115,09:50:25,43.65,200,40250
20240115,09:50:29,43.65,50,40250
20240115,09:50:35,43.8,50,40250
20240115,09:50:38,43.75,2000,47450
20240115,09:50:43,43.7,100,47450
20240115,09:50:45,43.6,1000,47450
20240115,09:50:53,43.3,50,47450
20240115,09:51:14,43.0,150,47450
20240115,09:51:22,42.9,250,47450
20240115,09:51:40,42.7,500,47450
20240115,09:52:12,41.9,100,47450
20240115,09:52:23,41.6,150,47450
20240115,09:52:34,41.6,400,47450
20240115,09:52:44,41.5,600,47450
20240115,09:53:03,41.45,1050,47450
20240115,09:53:42,42.0,200,51650
20240115,09:54:10,42.1,550,51650
20240115,09:54:19,42.0,250,51650
20240115,09:54:46,41.7,50,51650
20240115,09:54:58,41.3,300,51650
20240115,09:55:08,41.05,150,51650
20240115,09:55:19,41.4,600,51650
20240115,09:55:29,41.2,100,51650
20240115,09:55:38,41.2,250,51650
20240115,09:55:48,41.35,50,51650
20240115,09:55:57,41.5,100,51650
20240115,09:56:15,41.65,50,51650
20240115,09:56:33,41.3,150,51650
20240115,09:56:42,41.3,500,51650
20240115,09:56:58,41.5,150,52200
20240115,09:57:07,41.1,150,52200
20240115,09:57:17,40.9,900,52200
20240115,09:57:28,40.6,400,52200
20240115,09:57:39,40.4,700,52200
20240115,09:58:00,40.0,200,52200
20240115,09:58:30,40.0,150,52200
20240115,09:58:40,40.0,100,52200
20240115,09:58:49,40.3,50,52200
20240115,09:58:59,40.3,100,52200
20240115,09:59:07,40.1,50,52200
20240115,09:59:25,40.0,300,52200
20240115,09:59:34,40.0,550,52200
20240115,09:59:44,39.6,100,54100
20240115,09:59:53,39.6,700,54100
20240115,10:00:02,39.5,50,54100
20240115,10:00:12,39.15,1900,54100
20240115,10:00:23,38.5,100,54100
20240115,10:00:34,38.5,100,54100
20240115,10:00:45,38.5,100,54100
20240115,10:00:55,38.95,400,54100
20240115,10:01:04,38.65,250,54100
20240115,10:01:14,38.65,250,54100
20240115,10:01:24,38.7,150,54100
20240115,10:01:32,38.65,200,54100
20240115,10:01:42,38.75,400,54100
20240115,10:02:01,38.7,50,54100
20240115,10:02:11,38.8,350,54100
20240115,10:02:20,38.95,50,54100
20240115,10:02:30,39.65,100,54100
20240115,10:02:50,40.35,150,56300
20240115,10:03:00,40.4,1200,56300
20240115,10:03:10,39.85,2350,56300
20240115,10:03:21,40.15,300,56300
20240115,10:03:31,40.5,300,56300
20240115,10:03:40,40.4,850,56300
20240115,10:03:49,40.5,50,56300
20240115,10:03:57,40.75,50,56300
20240115,10:04:06,40.7,300,56300
20240115,10:04:15,40.85,100,56300
20240115,10:04:25,41.1,550,56300
20240115,10:04:35,40.95,50,56300
20240115,10:04:44,41.2,200,56300
20240115,10:04:53,41.4,50,56300
20240115,10:05:02,41.35,600,56300
20240115,10:05:11,40.75,150,56300
20240115,10:05:21,41.1,900,56300
20240115,10:05:31,41.15,100,56300
20240115,10:05:40,41.2,1300,56300
20240115,10:06:06,41.6,200,59850
20240115,10:06:15,41.5,100,59850
20240115,10:06:33,41.7,100,59850
20240115,10:06:42,41.75,50,59850
20240115,10:07:02,41.8,550,59850
20240115,10:07:11,41.7,500,59850
20240115,10:07:20,41.5,100,59850
20240115,10:07:29,41.45,50,59850
20240115,10:07:38,41.6,400,59850
20240115,10:08:04,41.2,250,59850
20240115,10:08:29,41.1,100,59850
20240115,10:09:18,41.05,450,61150
20240115,10:10:24,40.8,100,61150
20240115,10:10:40,40.65,250,61150
20240115,10:10:58,40.35,250,61150
20240115,10:11:07,40.65,150,61150
20240115,10:11:33,40.5,50,61150
20240115,10:12:17,40.9,1200,61150
20240115,10:13:04,41.5,50,61150
20240115,10:13:31,41.1,400,61150
20240115,10:14:56,40.1,50,60800
20240115,10:15:13,41.2,350,60800
20240115,10:15:22,40.0,750,60800
20240115,10:15:31,40.0,450,60800
20240115,10:15:48,39.7,200,60800
20240115,10:15:57,40.0,150,60800
20240115,10:16:05,39.7,1150,60800
20240115,10:16:47,40.45,50,60800
20240115,10:16:56,40.4,50,60800
20240115,10:17:28,40.05,200,60800
20240115,10:17:37,39.7,150,60800
20240115,10:17:54,39.8,50,62100
20240115,10:18:03,39.8,100,62100
20240115,10:18:20,39.9,150,62100
20240115,10:18:28,40.0,50,62100
20240115,10:18:36,40.0,1300,62100
20240115,10:18:53,40.2,350,62100
20240115,10:19:01,40.2,50,62100
20240115,10:19:27,40.6,250,62100
20240115,10:20:49,40.8,50,62350
20240115,10:20:57,40.95,250,62350
20240115,10:21:05,40.85,250,62350
20240115,10:21:21,40.75,50,62350
20240115,10:21:29,40.75,50,62350
20240115,10:21:37,40.8,50,62350
20240115,10:22:24,40.85,250,62350
20240115,10:22:50,40.9,50,62350
20240115,10:23:14,40.95,100,62350
20240115,10:23:53,40.9,50,62050
20240115,10:24:01,40.75,50,62050
20240115,10:24:18,40.75,350,62050
20240115,10:24:35,40.55,50,62050
20240115,10:25:31,40.9,50,62050
20240115,10:26:02,40.7,50,62050
20240115,10:26:10,40.2,150,62050
20240115,10:26:18,39.55,100,62050
20240115,10:26:25,39.7,300,62050
20240115,10:26:33,39.6,50,62050
20240115,10:26:40,39.6,50,62050
20240115,10:27:42,39.9,250,62300
20240115,10:27:50,39.85,50,62300
20240115,10:27:58,39.9,50,62300
20240115,10:28:41,40.35,50,62300
20240115,10:28:58,40.45,300,62300
20240115,10:29:06,40.55,100,62300
20240115,10:29:24,40.6,150,62300
20240115,10:30:08,40.75,50,62500
20240115,10:30:34,40.4,100,62500
20240115,10:31:25,40.75,50,62500
20240115,10:31:34,40.8,50,62500
20240115,10:32:07,41.1,850,62500
20240115,10:32:17,41.15,1100,62500
20240115,10:32:26,41.25,400,62500
20240115,10:32:35,41.25,1750,62500
20240115,10:32:44,41.3,50,62500
20240115,10:32:53,41.15,550,64200
20240115,10:33:02,41.25,100,64200
20240115,10:33:11,41.15,50,64200
20240115,10:33:19,41.1,250,64200
20240115,10:33:29,41.2,300,64200
20240115,10:33:45,40.8,500,64200
20240115,10:33:54,40.7,700,64200
20240115,10:34:03,40.55,1350,64200
20240115,10:34:12,40.4,750,64200
20240115,10:34:20,40.3,200,64200
20240115,10:34:36,40.15,100,64200
20240115,10:34:44,40.0,2850,64200
20240115,10:35:00,40.1,100,64200
20240115,10:35:08,40.1,350,64200
20240115,10:35:28,40.3,50,64200
20240115,10:35:29,40.3,50,64200
20240115,10:35:45,40.35,500,69400
20240115,10:36:04,40.85,50,69400
20240115,10:36:14,40.9,150,69400
20240115,10:36:22,40.9,50,69400
20240115,10:36:31,40.75,300,69400
20240115,10:36:40,40.9,100,69400
20240115,10:36:48,41.0,50,69400
20240115,10:36:57,41.1,50,69400
20240115,10:37:05,40.95,200,69400
20240115,10:37:13,41.1,200,69400
20240115,10:37:21,41.1,400,69400
20240115,10:37:29,41.2,250,69400
20240115,10:37:45,41.15,200,69400
20240115,10:37:54,40.9,50,69400
20240115,10:39:27,40.5,150,68550
20240115,10:39:42,40.55,300,68550
20240115,10:40:54,40.6,200,68550
20240115,10:41:02,40.2,450,68550
20240115,10:41:25,40.6,300,68550
20240115,10:41:33,40.4,100,68550
20240115,10:41:58,39.9,50,69100
20240115,10:42:07,40.0,50,69100
20240115,10:42:15,40.1,50,69100
20240115,10:42:23,40.15,50,69100
20240115,10:42:31,40.35,50,69100
20240115,10:43:00,40.25,100,69100
20240115,10:43:07,40.35,550,69100
20240115,10:43:31,40.45,50,69100
20240115,10:43:53,40.75,50,69100
20240115,10:44:01,40.5,50,69100
20240115,10:44:16,40.8,350,69100
20240115,10:44:23,40.7,350,69100
20240115,10:44:39,40.85,1400,69100
20240115,10:45:03,40.7,50,71000
20240115,10:45:11,40.55,50,71000
20240115,10:45:19,40.55,50,71000
20240115,10:45:35,40.5,150,71000
20240115,10:45:43,40.4,50,71000
20240115,10:45:51,40.2,300,71000
20240115,10:46:25,40.15,50,71000
20240115,10:46:33,40.3,1950,71000
20240115,10:46:42,40.35,1850,71000
20240115,10:46:51,40.4,1800,71000
20240115,10:46:58,40.7,2200,71000
20240115,10:47:06,40.25,50,71000
20240115,10:47:21,40.45,50,71000
20240115,10:47:28,40.5,150,71000
20240115,10:47:35,40.45,300,71000
20240115,10:47:50,40.45,650,77050
20240115,10:48:06,40.4,50,77050
20240115,10:48:57,40.5,350,77050
20240115,10:49:13,40.75,50,77050
20240115,10:49:21,40.6,850,77050
20240115,10:49:37,40.6,300,77050
20240115,10:49:44,40.6,100,77050
20240115,10:49:52,40.4,300,77050
20240115,10:50:07,40.45,250,77050
20240115,10:50:23,40.65,50,77050
20240115,10:50:31,40.7,300,77050
20240115,10:50:39,40.7,1700,77050
20240115,10:50:47,40.6,50,77050
20240115,10:50:54,40.6,250,76400
20240115,10:51:02,40.7,3200,76400
20240115,10:52:45,40.8,100,76400
20240115,10:52:53,40.9,200,76400
20240115,10:53:00,40.8,100,76400
20240115,10:53:30,40.75,50,76400
20240115,10:53:53,40.8,1150,76750
20240115,10:54:30,41.05,50,76750
20240115,10:54:37,41.15,700,76750
20240115,10:54:45,41.25,100,76750
20240115,10:55:01,41.35,100,76750
20240115,10:55:08,41.25,200,76750
20240115,10:55:52,41.05,100,76750
20240115,10:56:08,41.05,100,76750
20240115,10:56:16,41.05,150,76750
20240115,10:56:46,41.05,50,76750
20240115,10:57:36,41.05,1250,76700
20240115,10:58:22,41.05,150,76700
20240115,10:58:44,41.25,200,76700
20240115,10:58:52,41.3,200,76700
20240115,10:59:00,41.3,250,76700
20240115,10:59:08,41.2,500,76700
20240115,10:59:16,41.3,50,76700
20240115,11:00:00,42.0,350,78450
20240115,11:00:19,42.0,300,78450
20240115,11:00:28,42.0,1000,78450
20240115,11:00:36,41.7,300,78450
20240115,11:00:52,41.6,400,78450
20240115,11:01:23,41.7,50,78450
20240115,11:01:31,41.65,50,78450
20240115,11:01:46,41.7,50,78450
20240115,11:01:54,41.65,100,78450
20240115,11:02:32,41.55,150,78450
20240115,11:03:05,41.05,50,78750
20240115,11:03:14,41.0,450,78750
20240115,11:03:46,40.8,100,78750
20240115,11:04:02,40.5,50,78750
20240115,11:04:54,40.5,50,78750
20240115,11:06:32,41.0,50,79150
20240115,11:06:40,40.85,50,79150
20240115,11:07:19,41.0,50,79150
20240115,11:08:01,41.1,50,79150
20240115,11:08:09,41.1,50,79150
20240115,11:08:25,40.8,300,79150
20240115,11:09:12,40.95,200,79450
20240115,11:09:36,40.6,150,79450
20240115,11:09:44,40.55,550,79450
20240115,11:09:52,40.55,50,79450
20240115,11:10:01,40.4,700,79450
20240115,11:10:09,40.5,150,79450
20240115,11:10:25,40.3,500,79450
20240115,11:10:32,40.4,300,79450
20240115,11:10:40,40.5,200,79450
20240115,11:10:48,40.35,50,79450
20240115,11:10:55,40.3,50,79450
20240115,11:11:02,40.3,150,79450
20240115,11:11:10,40.3,100,79450
20240115,11:11:17,40.45,50,79450
20240115,11:11:25,40.5,100,79450
20240115,11:11:33,40.55,50,79450
20240115,11:12:02,40.65,50,81100
20240115,11:13:08,40.25,50,81100
20240115,11:14:44,40.25,50,81100
20240115,11:15:57,40.65,150,80750
20240115,11:16:05,40.6,250,80750
20240115,11:16:51,40.3,150,80750
20240115,11:17:00,40.0,650,80750
20240115,11:17:15,40.1,400,80750
20240115,11:17:30,40.1,250,80750
20240115,11:17:55,40.55,50,81400
20240115,11:18:12,40.7,200,81400
20240115,11:20:25,40.65,300,81400
20240115,11:21:07,40.65,100,81700
20240115,11:21:42,40.9,50,81700
20240115,11:22:03,40.95,150,81700
20240115,11:22:10,40.95,50,81700
20240115,11:22:17,41.0,250,81700
20240115,11:22:25,41.0,350,81700
20240115,11:23:22,41.1,50,81700
20240115,11:24:55,42.0,400,81950
20240115,11:25:03,42.0,50,81950
20240115,11:25:11,42.0,1000,81950
20240115,11:25:20,42.0,50,81950
20240115,11:25:28,42.1,100,81950
20240115,11:25:37,42.1,350,81950
20240115,11:25:54,42.05,350,81950
20240115,11:27:25,41.5,50,83300
20240115,11:28:03,41.5,200,83300
20240115,11:28:18,41.5,100,83300
20240115,11:29:03,41.5,50,83300
20240115,11:29:11,41.25,50,83300
20240115,11:30:35,41.5,50,82750
20240115,11:30:49,41.25,200,82750
20240115,11:30:56,41.25,100,82750
20240115,11:31:04,41.25,250,82750
20240115,11:32:47,41.0,50,82750
20240115,11:35:03,40.7,50,83100
20240115,11:36:01,40.5,50,83050
20240115,11:37:59,40.0,1850,83050
20240115,11:38:17,39.75,50,83050
20240115,11:38:45,39.15,300,83050
20240115,11:39:01,39.45,550,83050
20240115,11:39:10,39.6,50,83350
20240115,11:40:00,39.7,200,83350
20240115,11:40:17,39.65,100,83350
20240115,11:40:34,40.0,300,83350
20240115,11:40:58,40.0,50,83350
20240115,11:41:06,40.35,150,83350
20240115,11:41:14,40.35,50,83350
20240115,11:41:46,40.4,100,83350
20240115,11:42:51,40.4,200,83100
20240115,11:43:39,40.45,50,83100
20240115,11:44:31,40.85,50,83100
20240115,11:45:11,40.95,50,82800
20240115,11:45:43,40.95,200,82800
20240115,11:47:07,40.95,100,82800
20240115,11:48:10,40.95,50,82700
20240115,11:48:18,40.95,100,82700
20240115,11:48:57,40.95,50,82700
20240115,11:49:20,40.7,150,82700
20240115,11:50:35,41.0,1000,82700
20240115,11:52:16,41.1,150,83750
20240115,11:52:23,41.2,100,83750
20240115,11:53:13,41.05,200,83750
20240115,11:53:20,41.05,150,83750
20240115,11:53:50,41.05,550,83750
20240115,11:53:58,41.0,500,83950
20240115,11:55:04,40.95,50,83950
20240115,11:55:55,40.85,150,83950
20240115,11:56:31,40.85,50,83950
20240115,11:57:33,40.6,50,84150
20240115,11:57:57,40.45,1000,84150
20240115,11:58:13,40.8,300,84150
20240115,11:59:13,40.6,200,84150
20240115,11:59:21,40.8,250,84150
20240115,11:59:51,40.8,650,84150
20240115,12:00:07,41.0,50,83550
20240115,12:00:51,41.0,350,83550
20240115,12:01:18,41.0,50,83550
20240115,12:01:51,41.0,50,83550
20240115,12:02:07,40.8,950,83550
20240115,12:02:22,40.8,50,83550
20240115,12:03:54,40.7,50,84300
20240115,12:04:17,40.85,50,84300
20240115,12:05:02,40.7,50,84300
20240115,12:05:31,40.8,50,84300
20240115,12:05:38,40.8,50,84300
20240115,12:05:47,40.8,150,84300
20240115,12:06:01,40.85,300,85000
20240115,12:06:43,41.0,100,85000
20240115,12:06:58,41.15,150,85000
20240115,12:08:12,41.05,50,85000
20240115,12:08:27,41.15,150,85000
20240115,12:08:50,41.15,1000,85000
20240115,12:08:58,41.2,450,85000
20240115,12:09:07,41.2,150,83950
20240115,12:09:15,41.2,400,83950
20240115,12:09:49,41.45,150,83950
20240115,12:10:05,41.5,350,83950
20240115,12:11:29,41.45,200,83950
20240115,12:11:37,41.5,100,83950
20240115,12:11:45,40.9,600,83950
20240115,12:12:06,41.05,50,83400
20240115,12:12:28,41.05,200,83400
20240115,12:12:36,41.05,250,83400
20240115,12:13:05,41.05,200,83400
20240115,12:13:57,41.25,500,83400
20240115,12:14:26,41.2,200,83400
20240115,12:15:20,40.55,750,83700
20240115,12:15:42,40.9,100,83700
20240115,12:16:56,40.5,2500,83700
20240115,12:17:05,41.1,450,83700
20240115,12:17:25,41.65,1350,83700
20240115,12:17:35,41.7,250,83700
20240115,12:17:44,41.65,150,83700
20240115,12:17:53,41.65,50,83700
20240115,12:18:38,41.7,100,85100
20240115,12:20:47,41.5,50,85100
20240115,12:22:18,41.45,50,84700
20240115,12:22:42,41.45,150,84700
20240115,12:22:58,41.35,50,84700
20240115,12:23:07,41.35,50,84700
20240115,12:23:27,41.65,50,84700
20240115,12:23:36,41.6,200,84700
20240115,12:24:02,41.9,500,84700
20240115,12:24:41,42.2,200,84750
20240115,12:25:28,42.2,100,84750
20240115,12:25:36,42.3,50,84750
20240115,12:26:10,42.45,400,84750
20240115,12:26:18,42.35,200,84750
20240115,12:26:42,42.35,50,84750
20240115,12:26:50,42.4,50,84750
20240115,12:28:12,42.2,50,84000
20240115,12:28:21,42.3,1000,84000
20240115,12:29:35,42.45,50,84000
20240115,12:29:43,42.55,50,84000
20240115,12:30:57,42.45,50,84900
20240115,12:32:00,42.4,50,84900
20240115,12:36:49,42.0,200,84950
20240115,12:38:05,41.65,950,84950
20240115,12:38:39,42.05,50,84950
20240115,12:38:48,42.25,50,84950
20240115,12:39:05,42.5,200,84950
20240115,12:39:37,42.7,250,84250
20240115,12:40:01,42.55,50,84250
20240115,12:41:29,42.75,50,84250
20240115,12:41:38,42.75,150,84250
20240115,12:42:27,42.6,250,84600
20240115,12:47:41,42.65,50,84800
20240115,12:48:02,42.75,50,84800
20240115,12:50:53,42.6,50,84800
20240115,12:51:08,42.25,50,84800
20240115,12:51:23,41.95,200,84700
20240115,12:51:45,41.9,50,84700
20240115,12:51:53,41.9,50,84700
20240115,12:52:16,42.1,100,84700
20240115,12:52:33,42.25,1000,84700
20240115,12:53:10,41.8,500,84700
20240115,12:54:20,41.55,150,84550
20240115,12:54:35,41.55,50,84550
20240115,12:54:50,41.85,1500,84550
20240115,12:54:58,41.4,100,84550
20240115,12:57:43,41.9,250,85850
20240115,12:57:51,41.9,200,85850
20240115,12:57:58,41.85,300,85850
20240115,12:58:36,42.0,500,85850
20240115,12:59:37,42.05,50,85850
20240115,13:00:25,42.05,50,85300
20240115,13:01:22,42.1,250,85300
20240115,13:01:30,42.05,200,85300
20240115,13:01:53,42.3,50,85300
20240115,13:02:00,42.3,50,85300
20240115,13:02:51,42.35,50,85300
20240115,13:02:59,42.3,150,85300
20240115,13:03:41,42.65,50,85100
20240115,13:03:58,42.65,50,85100
20240115,13:05:27,42.1,250,85100
20240115,13:06:11,41.65,50,85450
20240115,13:06:19,41.6,450,85450
20240115,13:07:28,41.2,600,85450
20240115,13:07:35,41.25,100,85450
20240115,13:07:42,41.1,900,85450
20240115,13:07:56,41.1,100,85450
20240115,13:08:25,40.65,700,85450
20240115,13:08:35,40.75,50,85450
20240115,13:08:51,40.8,300,85450
20240115,13:08:59,41.0,500,85450
20240115,13:09:08,41.05,100,85450
20240115,13:09:16,41.0,200,87500
20240115,13:09:50,41.2,50,87500
20240115,13:09:59,41.15,300,87500
20240115,13:10:07,41.2,150,87500
20240115,13:10:15,41.15,1850,87500
20240115,13:10:23,41.1,300,87500
20240115,13:11:40,41.05,50,87500
20240115,13:11:47,41.05,50,87500
20240115,13:12:25,41.0,50,89350
20240115,13:12:56,41.15,450,89350
20240115,13:14:07,41.45,600,89350
20240115,13:18:23,41.4,100,90250
20240115,13:18:33,41.55,200,90250
20240115,13:18:52,41.9,50,90250
20240115,13:19:02,42.05,50,90250
20240115,13:19:38,42.0,200,90250
20240115,13:20:19,41.85,50,90250
20240115,13:20:42,41.85,50,90250
20240115,13:21:20,41.85,300,90000
20240115,13:24:18,41.7,100,89700
20240115,13:24:53,41.65,250,89700
20240115,13:25:18,41.3,400,89700
20240115,13:25:26,41.45,250,89700
20240115,13:26:29,41.6,50,89700
20240115,13:27:15,41.45,50,89600
20240115,13:27:37,41.3,50,89600
20240115,13:27:59,41.0,50,89600
20240115,13:28:22,41.0,200,89600
20240115,13:29:24,40.7,50,89600
20240115,13:29:33,40.7,50,89600
20240115,13:32:47,40.7,350,89900
20240115,13:33:19,40.65,400,89550
20240115,13:33:35,40.6,500,89550
20240115,13:33:44,40.6,1300,89550
20240115,13:34:01,40.25,150,89550
20240115,13:34:50,40.4,50,89550
20240115,13:34:58,40.6,1800,89550
20240115,13:35:06,40.55,200,89550
20240115,13:35:14,40.6,150,89550
20240115,13:35:22,40.9,150,89550
20240115,13:35:30,40.9,250,89550
20240115,13:39:44,41.0,250,87500
20240115,13:40:28,41.15,150,87500
20240115,13:40:44,41.0,100,87500
20240115,13:41:05,41.05,50,87500
20240115,13:42:04,40.7,50,87500
20240115,13:42:31,40.7,50,87400
20240115,13:42:45,40.7,50,87400
20240115,13:42:59,40.7,50,87400
20240115,13:45:11,40.7,50,87250
20240115,13:45:20,40.7,50,87250
20240115,13:45:37,40.65,200,87250
20240115,13:45:53,40.4,100,87250
20240115,13:46:15,40.6,350,87250
20240115,13:46:23,40.6,100,87250
20240115,13:46:41,40.6,300,87250
20240115,13:47:40,40.55,400,87250
20240115,13:47:55,40.55,50,87250
20240115,13:48:28,40.35,250,87650
20240115,13:48:36,40.35,350,87650
20240115,13:48:52,40.3,50,87650
20240115,13:49:08,40.3,750,87650
20240115,13:49:19,39.75,450,87650
20240115,13:49:39,39.55,300,87650
20240115,13:49:49,39.35,50,87650
20240115,13:49:58,39.6,150,87650
20240115,13:50:07,39.6,300,87650
20240115,13:50:16,39.85,1500,87650
20240115,13:50:26,40.05,200,87650
20240115,13:50:34,40.4,200,87650
20240115,13:50:44,40.6,50,87650
20240115,13:51:11,40.9,200,87650
20240115,13:51:29,41.7,350,89300
20240115,13:51:38,41.65,50,89300
20240115,13:52:20,41.3,200,89300
20240115,13:52:28,41.2,50,89300
20240115,13:53:09,41.2,50,89300
20240115,13:53:38,41.5,100,89300
20240115,13:53:45,41.5,150,89300
20240115,13:53:59,41.4,50,89300
20240115,13:54:15,41.25,50,89300
20240115,13:54:24,41.15,100,89350
20240115,13:55:28,41.45,50,89350
20240115,13:55:36,41.45,50,89350
20240115,13:57:44,41.7,50,89450
20240115,13:58:00,41.75,100,89450
20240115,13:59:27,42.0,1000,89450
20240115,14:00:04,42.4,1550,89450
20240115,14:00:13,42.4,50,89450
20240115,14:00:40,42.35,200,90750
20240115,14:00:49,42.0,200,90750
20240115,14:01:23,42.0,300,90750
20240115,14:01:47,42.0,50,90750
20240115,14:01:56,41.9,50,90750
20240115,14:02:21,41.65,50,90750
20240115,14:02:29,41.8,150,90750
20240115,14:02:38,41.85,250,90750
20240115,14:02:54,42.0,400,90750
20240115,14:03:10,41.95,50,90750
20240115,14:04:21,42.65,50,91400
20240115,14:04:30,43.0,800,91400
20240115,14:04:38,43.0,350,91400
20240115,14:04:55,43.45,100,91400
20240115,14:05:23,43.45,500,91400
20240115,14:05:57,43.6,50,91400
20240115,14:06:17,43.3,200,91400
20240115,14:08:24,43.8,200,91600
20240115,14:08:40,44.0,500,91600
20240115,14:09:29,44.8,50,92150
20240115,14:09:39,44.85,200,92150
20240115,14:09:49,45.0,650,92150
20240115,14:09:59,45.3,300,92150
20240115,14:10:09,45.15,1150,92150
20240115,14:10:42,45.15,300,92150
20240115,14:10:50,45.2,1500,92150
20240115,14:10:58,45.5,1500,92150
20240115,14:11:23,45.05,100,92150
20240115,14:11:31,45.45,450,92150
20240115,14:11:39,45.3,400,92150
20240115,14:11:46,45.5,150,92150
20240115,14:11:54,45.45,800,92150
20240115,14:12:02,45.5,500,92150
20240115,14:12:10,45.75,450,92150
20240115,14:12:18,45.75,1150,93400
20240115,14:12:27,45.7,900,93400
20240115,14:12:36,45.4,1100,93400
20240115,14:12:46,45.5,1000,93400
20240115,14:12:55,45.6,550,93400
20240115,14:13:04,45.6,150,93400
20240115,14:13:13,45.75,400,93400
20240115,14:13:21,45.9,50,93400
20240115,14:13:29,46.05,250,93400
20240115,14:13:37,45.6,50,93400
20240115,14:13:45,45.75,100,93400
20240115,14:13:53,45.65,200,93400
20240115,14:14:16,45.65,200,93400
20240115,14:14:33,45.65,50,93400
20240115,14:14:40,45.6,200,93400
20240115,14:14:48,45.7,100,93400
20240115,14:14:55,45.5,150,93400
20240115,14:15:03,45.7,50,93400
20240115,14:15:18,45.7,200,93400
20240115,14:15:33,45.25,50,95950
20240115,14:16:08,44.4,4250,95950
20240115,14:16:17,44.35,150,95950
20240115,14:16:26,44.45,500,95950
20240115,14:16:35,44.7,100,95950
20240115,14:16:43,44.7,300,95950
20240115,14:16:51,44.85,50,95950
20240115,14:17:00,45.1,600,95950
20240115,14:17:08,45.35,200,95950
20240115,14:17:15,45.4,400,95950
20240115,14:17:23,45.5,50,95950
20240115,14:17:32,45.6,100,95950
20240115,14:17:47,45.45,50,95950
20240115,14:18:03,45.45,100,95950
20240115,14:18:25,45.35,50,98450
20240115,14:18:32,45.6,50,98450
20240115,14:19:10,45.35,100,98450
20240115,14:20:19,45.45,200,98450
20240115,14:21:47,45.55,50,98550
20240115,14:21:54,45.6,50,98550
20240115,14:22:18,45.3,100,98550
20240115,14:22:41,45.35,150,98550
20240115,14:23:25,45.45,50,98550
20240115,14:23:40,45.35,200,98550
20240115,14:23:55,45.3,450,98550
20240115,14:24:03,45.45,50,98550
20240115,14:24:10,45.45,50,98550
20240115,14:24:25,45.3,50,99400
20240115,14:24:47,45.3,100,99400
20240115,14:25:23,45.05,150,99400
20240115,14:25:40,44.7,150,99400
20240115,14:27:09,44.9,50,99400
20240115,14:27:26,44.4,500,99550
20240115,14:28:02,44.05,100,99550
20240115,14:28:11,44.05,1050,99550
20240115,14:28:27,44.1,100,99550
20240115,14:28:36,44.35,50,99550
20240115,14:29:00,44.25,100,99550
20240115,14:29:08,44.1,50,99550
20240115,14:29:33,44.4,100,99550
20240115,14:30:30,44.3,50,99550
20240115,14:31:52,43.35,300,99550
20240115,14:32:36,43.0,1050,99550
20240115,14:32:46,43.0,5700,99550
20240115,14:32:56,42.85,150,99550
20240115,14:33:05,42.8,450,99550
20240115,14:33:14,42.9,1650,99550
20240115,14:33:32,43.25,50,99800
20240115,14:34:22,43.25,100,99800
20240115,14:34:30,42.95,200,99800
20240115,14:34:39,43.1,50,99800
20240115,14:34:48,42.85,150,99800
20240115,14:34:58,42.85,500,99800
20240115,14:35:31,43.0,200,99800
20240115,14:35:48,43.3,250,99800
20240115,14:35:57,43.5,150,99800
20240115,14:36:38,44.1,200,99350
20240115,14:36:46,44.35,100,99350
20240115,14:36:55,44.4,100,99350
20240115,14:37:04,44.45,100,99350
20240115,14:37:29,44.15,100,99350
20240115,14:37:45,44.45,50,99350
20240115,14:38:11,44.65,100,99350
20240115,14:38:51,44.65,250,99350
20240115,14:38:58,44.65,50,99350
20240115,14:39:06,44.65,200,99350
20240115,14:39:15,44.6,50,99350
20240115,14:39:30,44.95,600,99350
20240115,14:39:38,45.15,350,99350
20240115,14:40:48,45.25,100,99350
20240115,14:40:56,45.15,150,99350
20240115,14:42:55,44.55,300,99550
20240115,14:44:40,44.65,100,99550
20240115,14:45:39,45.0,50,99750
20240115,14:46:33,45.1,100,99750
20240115,14:47:14,45.45,50,99750
20240115,14:47:24,45.45,50,99750
20240115,14:47:57,45.35,50,99750
20240115,14:48:05,45.35,100,99750
20240115,14:48:22,45.45,150,99750
20240115,14:48:57,45.4,100,99800
20240115,14:49:27,45.45,150,99800
20240115,14:49:35,45.45,100,99800
20240115,14:50:01,45.05,150,99800
20240115,14:50:17,45.0,50,99800
20240115,14:50:42,45.0,550,99800
20240115,14:51:07,45.55,100,99800
20240115,14:51:24,45.9,200,100150
20240115,14:51:33,46.0,300,100150
20240115,14:51:41,46.0,50,100150
20240115,14:52:05,45.95,50,100150
20240115,14:52:22,46.3,100,100150
20240115,14:52:31,46.35,100,100150
20240115,14:52:39,46.35,150,100150
20240115,14:53:33,46.35,100,100150
20240115,14:53:56,46.35,50,100150
20240115,14:54:03,46.45,200,100150
20240115,14:54:50,47.0,300,99950
20240115,14:55:00,47.35,250,99950
20240115,14:55:19,47.2,50,99950
20240115,14:56:18,47.35,200,99950
20240115,14:56:34,47.7,400,99950
20240115,14:57:06,47.8,250,99950
20240115,14:57:24,48.35,100,99950
20240115,14:57:44,48.25,100,100000
20240115,14:58:23,48.25,50,100000
20240115,14:58:32,48.2,50,100000
20240115,14:58:42,47.85,150,100000
20240115,14:58:51,48.35,150,100000
20240115,14:59:00,48.4,150,100000
20240115,14:59:08,48.4,100,100000
20240115,14:59:17,48.45,50,100000
20240115,14:59:25,48.45,250,100000
20240115,14:59:34,48.4,100,100000
20240115,14:59:51,48.7,350,100000
20240115,15:00:00,48.8,150,100000
20240115,15:00:08,48.65,50,100000
20240115,15:00:17,49.2,50,100000
20240115,15:00:28,49.35,100,99650
20240115,15:00:38,49.2,1850,99650
20240115,15:00:49,49.2,1250,99650
20240115,15:01:20,48.2,250,99650
20240115,15:01:31,48.25,200,99650
20240115,15:01:40,48.1,50,99650
20240115,15:01:49,48.0,150,99650
20240115,15:01:58,48.05,700,99650
20240115,15:02:07,48.0,1200,99650
20240115,15:02:17,48.0,50,99650
20240115,15:02:26,48.2,250,99650
20240115,15:02:34,48.4,400,99650
20240115,15:02:51,48.55,50,99650
20240115,15:02:59,48.6,50,99650
20240115,15:03:08,48.65,1050,99650
20240115,15:03:17,48.65,650,99650
20240115,15:03:25,48.55,200,104850
20240115,15:03:34,48.7,50,104850
20240115,15:03:42,48.5,50,104850
20240115,15:03:59,48.1,200,104850
20240115,15:04:58,48.45,50,104850
20240115,15:05:07,48.6,1800,104850
20240115,15:05:24,48.25,50,104850
20240115,15:05:41,48.25,50,104850
20240115,15:05:58,48.9,650,104850
20240115,15:06:07,48.9,550,104850
20240115,15:06:16,49.2,250,104850
20240115,15:06:33,49.5,650,106750
20240115,15:06:42,49.5,50,106750
20240115,15:06:59,49.2,100,106750
20240115,15:07:08,49.5,150,106750
20240115,15:07:17,49.35,250,106750
20240115,15:07:26,49.8,300,106750
20240115,15:07:34,49.95,50,106750
20240115,15:07:43,49.85,150,106750
20240115,15:07:51,50.0,550,106750
20240115,15:08:00,50.3,100,106750
20240115,15:08:25,50.15,50,106750
20240115,15:08:33,50.05,50,106750
20240115,15:08:41,50.1,200,106750
20240115,15:08:57,50.1,200,106750
20240115,15:09:37,50.25,50,107250
20240115,15:09:45,50.3,50,107250
20240115,15:09:54,51.0,1050,107250
20240115,15:10:02,50.8,50,107250
20240115,15:10:11,50.85,50,107250
20240115,15:10:19,51.1,150,107250
20240115,15:10:46,51.55,100,107250
20240115,15:10:55,52.35,4400,107250
20240115,15:11:03,52.45,10100,107250
20240115,15:11:12,52.7,7650,107250
20240115,15:11:21,54.05,5800,107250
20240115,15:11:30,54.4,11850,107250
20240115,15:11:39,54.6,250,107250
20240115,15:11:48,55.0,300,107250
20240115,15:11:56,55.2,50,107250
20240115,15:12:10,55.1,250,107250
20240115,15:12:13,55.2,200,107250
20240115,15:12:14,55.05,1700,107250
20240115,15:12:16,55.05,1050,107250
20240115,15:12:19,55.0,1050,107250
20240115,15:12:20,55.0,50,107250
20240115,15:12:21,55.0,150,107250
20240115,15:12:22,55.0,250,107250
20240115,15:12:24,55.0,300,107250
20240115,15:12:38,55.25,100,90800
20240115,15:12:40,55.1,100,90800
20240115,15:12:42,55.1,100,90800
20240115,15:12:51,55.3,150,90800
20240115,15:12:53,55.3,100,90800
20240115,15:12:58,55.1,1150,90800
20240115,15:13:00,55.35,100,90800
20240115,15:13:12,55.45,1450,90800
20240115,15:13:21,55.3,50,90800
20240115,15:13:29,55.1,100,90800
20240115,15:13:46,54.95,750,90800
20240115,15:13:54,55.0,1500,90800
20240115,15:14:02,54.75,2350,90800
20240115,15:14:10,54.65,600,90800
20240115,15:14:18,54.65,250,90800
20240115,15:14:26,54.65,1150,90800
20240115,15:14:34,54.7,300,90800
20240115,15:14:42,54.7,450,90800
20240115,15:14:51,54.65,900,90800
20240115,15:14:59,55.15,3550,90800
20240115,15:15:08,55.2,4050,90800
20240115,15:15:17,55.3,1700,90800
20240115,15:15:26,55.2,1500,93100
20240115,15:15:34,55.6,1900,93100
20240115,15:15:43,55.6,2900,93100
20240115,15:15:53,56.2,3600,93100
20240115,15:16:02,56.05,2350,93100
20240115,15:16:09,55.5,700,93100
20240115,15:16:11,55.7,100,93100
20240115,15:16:16,55.95,50,93100
20240115,15:16:17,56.0,50,93100
20240115,15:16:18,55.95,100,93100
20240115,15:16:19,55.85,100,93100
20240115,15:16:20,55.8,100,93100
20240115,15:16:25,55.95,50,93100
20240115,15:16:26,56.0,50,93100
20240115,15:16:27,56.0,50,93100
20240115,15:16:30,56.0,50,93100
20240115,15:16:31,55.95,250,93100
20240115,15:16:33,55.95,200,93100
20240115,15:16:34,56.0,50,93100
20240115,15:16:36,55.95,100,93100
20240115,15:16:37,56.0,50,93100
20240115,15:16:39,55.95,100,93100
20240115,15:16:40,55.95,100,93100
20240115,15:16:41,55.9,50,93100
20240115,15:16:45,56.05,100,93100
20240115,15:16:48,56.0,50,93100
20240115,15:16:49,56.05,50,93100
20240115,15:16:50,56.0,150,93100
20240115,15:16:52,56.15,50,93100
20240115,15:16:56,56.35,100,93100
20240115,15:16:57,56.35,600,93100
20240115,15:17:00,56.4,150,93100
20240115,15:17:02,56.6,50,93100
20240115,15:17:04,56.45,100,93100
20240115,15:17:04,56.4,50,93100
20240115,15:17:05,56.45,100,93100
20240115,15:17:06,56.35,50,93100
20240115,15:17:08,56.4,50,93100
20240115,15:17:14,56.25,400,93100
20240115,15:17:23,56.35,500,93100
20240115,15:17:32,56.2,650,93100
20240115,15:17:41,56.25,350,93100
20240115,15:17:50,56.25,1300,93100
20240115,15:17:59,56.2,350,93100
20240115,15:18:08,56.15,1350,93100
20240115,15:18:17,56.0,550,93100
20240115,15:18:26,55.6,350,93100
20240115,15:18:35,55.85,50,104350
20240115,15:18:43,55.85,50,104350
20240115,15:18:51,55.95,400,104350
20240115,15:18:59,56.0,50,104350
20240115,15:19:16,55.7,550,104350
20240115,15:19:34,55.6,450,104350
20240115,15:19:43,55.6,200,104350
20240115,15:20:00,55.55,1800,104350
20240115,15:20:08,55.55,450,104350
20240115,15:20:35,55.3,100,104350
20240115,15:20:44,55.45,350,104350
20240115,15:21:11,55.15,50,104350
20240115,15:21:20,55.05,600,104350
20240115,15:21:29,55.1,150,104350
20240115,15:21:39,55.0,1050,107450
20240115,15:21:59,55.2,500,107450
20240115,15:22:11,55.0,250,107450
20240115,15:22:22,54.8,1650,107450
20240115,15:22:32,54.25,850,107450
20240115,15:22:43,54.55,200,107450
20240115,15:22:53,54.45,200,107450
20240115,15:23:02,54.45,250,107450
20240115,15:23:11,54.4,1150,107450
20240115,15:23:19,54.35,850,107450
20240115,15:23:28,54.25,250,107450
20240115,15:23:37,54.0,550,107450
20240115,15:23:46,54.15,150,107450
20240115,15:23:55,54.0,400,107450
20240115,15:24:04,54.05,1000,107450
20240115,15:24:13,54.0,250,107450
20240115,15:24:22,54.05,1650,107450
20240115,15:24:31,54.05,200,109050
20240115,15:24:48,53.85,50,109050
20240115,15:24:57,53.55,250,109050
20240115,15:25:16,53.3,50,109050
20240115,15:25:24,53.3,200,109050
20240115,15:25:31,53.4,100,109050
20240115,15:25:40,53.4,1300,109050
20240115,15:25:49,53.5,550,109050
20240115,15:25:58,53.5,550,109050
20240115,15:26:09,53.5,200,109050
20240115,15:26:19,53.2,1300,109050
20240115,15:26:28,54.05,4550,109050
20240115,15:26:38,54.6,2150,109050
20240115,15:26:47,55.05,1050,109050
20240115,15:26:56,55.45,2250,109050
20240115,15:27:06,56.0,2900,109050
20240115,15:27:08,55.8,350,109050
20240115,15:27:09,56.0,3000,109050
20240115,15:27:10,55.9,200,109050
20240115,15:27:11,56.0,150,109050
20240115,15:27:14,56.15,300,109050
20240115,15:27:16,55.85,450,109050
20240115,15:27:17,55.75,150,109050
20240115,15:27:18,56.1,50,109050
20240115,15:27:19,56.15,200,109050
20240115,15:27:22,56.15,300,109050
20240115,15:27:23,56.3,50,109050
20240115,15:27:26,56.3,50,109050
20240115,15:27:27,56.3,50,123450
20240115,15:27:29,56.3,50,123450
20240115,15:27:31,56.1,1050,123450
20240115,15:27:32,56.3,100,123450
20240115,15:27:34,56.3,50,123450
20240115,15:27:36,56.45,50,123450
20240115,15:27:38,56.35,50,123450
20240115,15:27:39,56.5,250,123450
20240115,15:27:41,56.55,250,123450
20240115,15:27:42,56.5,50,123450
20240115,15:27:46,57.0,750,123450
20240115,15:27:49,57.0,800,123450
20240115,15:27:51,57.1,100,123450
20240115,15:27:56,57.25,50,123450
20240115,15:28:00,57.3,50,123450
20240115,15:28:02,57.45,50,123450
20240115,15:28:03,57.55,100,123450
20240115,15:28:04,57.35,400,123450
20240115,15:28:20,57.35,50,123450
20240115,15:28:21,57.5,50,123450
20240115,15:28:27,57.55,150,123450
20240115,15:28:29,57.4,100,123450
20240115,15:28:33,57.55,50,123450
20240115,15:28:36,57.35,100,123450
20240115,15:28:39,57.35,50,123450
20240115,15:28:46,56.95,50,123450
20240115,15:28:54,57.0,50,123450
20240115,15:28:59,57.0,50,123450
20240115,15:29:31,56.95,200,123450
20240115,15:29:41,56.7,250,123450
20240115,15:29:54,56.05,450,123450
20240116,09:15:08,53.95,1,128100
20240116,09:15:08,53.95,150,128100
20240116,09:15:18,47.2,150,128100
20240116,09:15:38,45.4,1300,128100
20240116,09:15:49,47.55,150,128100
20240116,09:15:59,49.8,1600,128100
20240116,09:16:09,50.0,1000,128100
20240116,09:16:20,50.1,1350,128100
20240116,09:16:30,50.45,150,128100
20240116,09:16:49,50.2,50,128100
20240116,09:17:07,50.3,1800,128100
20240116,09:17:16,50.3,400,128100
20240116,09:17:26,51.05,800,128100
20240116,09:17:48,52.75,1750,130300
20240116,09:17:59,53.75,700,130300
20240116,09:18:11,54.85,1800,130300
20240116,09:18:22,54.2,1300,130300
20240116,09:18:33,53.85,400,130300
20240116,09:19:04,53.95,50,130300
20240116,09:19:13,53.1,250,130300
20240116,09:19:23,52.85,400,130300
20240116,09:19:32,52.0,150,130300
20240116,09:19:43,52.05,200,130300
20240116,09:19:52,51.8,1050,130300
20240116,09:20:01,51.8,250,130300
20240116,09:20:11,51.4,450,130300
20240116,09:20:22,51.0,400,130300
20240116,09:20:32,51.3,100,130300
20240116,09:20:43,50.95,100,128650
20240116,09:21:02,50.9,250,128650
20240116,09:21:12,51.05,550,128650
20240116,09:21:22,50.85,450,128650
20240116,09:21:32,50.45,400,128650
20240116,09:21:52,49.85,2250,128650
20240116,09:22:02,49.55,150,128650
20240116,09:22:14,49.0,1200,128650
20240116,09:22:24,49.4,100,128650
20240116,09:22:35,49.5,500,128650
20240116,09:22:45,49.3,150,128650
20240116,09:22:55,49.0,100,128650
20240116,09:23:05,48.95,2000,128650
20240116,09:23:25,49.2,500,128650
20240116,09:23:35,49.0,1800,128650
20240116,09:23:45,48.7,250,134500
20240116,09:23:54,48.5,50,134500
20240116,09:24:03,48.5,50,134500
20240116,09:24:13,48.55,100,134500
20240116,09:25:03,49.3,200,134500
20240116,09:25:13,49.2,50,134500
20240116,09:25:23,49.15,100,134500
20240116,09:25:32,49.2,100,134500
20240116,09:25:42,48.6,650,134500
20240116,09:25:52,48.65,200,134500
20240116,09:26:02,48.55,100,134500
20240116,09:26:20,48.5,200,134500
20240116,09:27:07,48.9,150,134950
20240116,09:27:18,48.8,1950,134950
20240116,09:27:28,49.25,250,134950
20240116,09:27:38,49.25,600,134950
20240116,09:27:49,49.25,200,134950
20240116,09:28:09,49.55,250,134950
20240116,09:28:19,49.55,50,134950
20240116,09:28:29,49.0,650,134950
20240116,09:28:39,49.2,50,134950
20240116,09:29:01,49.1,1000,134950
20240116,09:29:30,49.05,50,134950
20240116,09:29:45,48.85,150,136050
20240116,09:29:48,48.85,50,136050
20240116,09:30:18,48.65,100,136050
20240116,09:30:27,48.4,50,136050
20240116,09:30:37,48.35,50,136050
20240116,09:30:47,48.8,150,136050
20240116,09:30:56,48.5,50,136050
20240116,09:31:06,49.0,50,136050
20240116,09:31:16,48.85,150,136050
20240116,09:31:26,48.8,400,136050
20240116,09:31:36,49.0,1100,136050
20240116,09:31:46,49.0,1250,136050
20240116,09:31:56,49.3,50,136050
20240116,09:32:06,49.3,400,136050
20240116,09:32:16,49.25,250,136050
20240116,09:32:25,49.4,50,136050
20240116,09:32:55,49.95,200,136800
20240116,09:34:23,49.15,100,136800
20240116,09:34:33,49.25,350,136800
20240116,09:34:52,49.0,500,136800
20240116,09:35:02,48.9,50,136800
20240116,09:35:12,48.7,200,136800
20240116,09:35:21,49.0,1450,136800
20240116,09:35:31,49.0,150,136800
20240116,09:35:40,48.85,150,136800
20240116,09:35:58,48.35,50,137000
20240116,09:36:07,48.6,50,137000
20240116,09:36:17,48.5,250,137000
20240116,09:37:20,48.6,100,137000
20240116,09:37:40,48.45,50,137000
20240116,09:38:26,48.4,150,137000
20240116,09:38:54,48.45,50,135550
20240116,09:39:50,49.15,100,135550
20240116,09:40:10,48.6,100,135550
20240116,09:41:16,48.3,50,135550
20240116,09:42:43,48.2,250,134750
20240116,09:43:29,48.2,50,134750
20240116,09:43:58,48.4,450,134750
20240116,09:44:27,48.15,50,134750
20240116,09:45:15,48.25,50,134500
20240116,09:46:14,48.85,150,134500
20240116,09:46:46,49.6,50,134500
20240116,09:47:28,50.0,100,134500
20240116,09:48:13,50.95,50,134250
20240116,09:48:25,51.2,100,134250
20240116,09:49:22,51.65,750,134250
20240116,09:49:41,51.35,100,134250
20240116,09:50:20,51.05,100,134250
20240116,09:50:39,51.8,200,134250
20240116,09:50:49,52.05,450,134500
20240116,09:51:09,52.25,250,134500
20240116,09:51:29,52.25,950,134500
20240116,09:51:39,52.05,100,134500
20240116,09:51:48,52.05,50,134500
20240116,09:51:58,52.0,500,134500
20240116,09:52:07,51.95,100,134500
20240116,09:52:25,51.85,50,134500
20240116,09:52:35,51.95,250,134500
20240116,09:52:45,51.9,200,134500
20240116,09:52:54,52.0,550,134500
20240116,09:53:04,52.0,800,134500
20240116,09:53:32,52.0,50,134500
20240116,09:53:42,52.0,1550,134500
20240116,09:53:52,52.0,1800,136450
20240116,09:54:04,52.65,850,136450
20240116,09:54:15,52.2,2050,136450
20240116,09:54:25,52.35,550,136450
20240116,09:54:35,52.4,800,136450
20240116,09:54:44,52.3,300,136450
20240116,09:54:53,52.5,450,136450
20240116,09:55:02,52.25,100,136450
20240116,09:55:39,52.25,100,136450
20240116,09:55:48,52.25,50,136450
20240116,09:55:57,52.0,200,136450
20240116,09:56:07,52.05,200,136450
20240116,09:56:16,52.1,50,136450
20240116,09:56:26,52.0,250,136450
20240116,09:56:35,52.5,400,136450
20240116,09:56:44,52.65,500,136450
20240116,09:56:53,52.2,100,137250
20240116,09:57:02,52.55,150,137250
20240116,09:57:11,52.0,2700,137250
20240116,09:57:21,52.05,150,137250
20240116,09:57:39,52.0,2200,137250
20240116,09:58:01,51.65,750,137250
20240116,09:58:21,52.0,50,137250
20240116,09:58:41,51.55,50,137250
20240116,09:59:22,51.65,100,137250
20240116,09:59:31,51.6,100,137250
20240116,09:59:40,51.9,350,137250
20240116,09:59:51,51.5,50,137250
20240116,10:00:01,52.3,150,133850
20240116,10:00:30,52.95,200,133850
20240116,10:00:40,53.0,500,133850
20240116,10:00:49,53.15,150,133850
20240116,10:01:11,52.7,500,133850
20240116,10:01:21,52.75,150,133850
20240116,10:01:32,52.0,50,133850
20240116,10:01:42,52.0,1400,133850
20240116,10:01:52,51.95,200,133850
20240116,10:02:02,52.0,100,133850
20240116,10:02:12,52.2,900,133850
20240116,10:02:22,52.5,50,133850
20240116,10:02:58,52.65,50,133000
20240116,10:03:17,53.3,50,133000
20240116,10:04:49,53.8,400,133000
20240116,10:05:57,53.65,50,133450
20240116,10:06:41,53.25,200,133450
20240116,10:07:08,53.35,50,133450
20240116,10:08:05,53.3,50,133450
20240116,10:08:52,53.5,50,133700
20240116,10:09:47,53.25,50,133700
20240116,10:10:43,53.5,50,133700
20240116,10:11:44,53.65,50,133700
20240116,10:12:10,53.65,450,133650
20240116,10:12:27,53.5,50,133650
20240116,10:12:37,53.6,250,133650
20240116,10:12:46,53.65,2050,133650
20240116,10:12:55,53.65,250,133650
20240116,10:13:04,53.65,100,133650
20240116,10:13:12,53.65,1050,133650
20240116,10:13:29,53.65,1550,133650
20240116,10:13:38,54.0,400,133650
20240116,10:13:48,53.95,200,133650
20240116,10:15:03,54.25,50,138900
20240116,10:15:22,54.65,100,138900
20240116,10:15:32,54.5,500,138900
20240116,10:15:41,54.5,650,138900
20240116,10:15:51,54.5,650,138900
20240116,10:16:02,54.3,50,138900
20240116,10:16:39,53.6,250,138900
20240116,10:16:49,53.6,750,138900
20240116,10:17:34,53.9,200,138900
20240116,10:17:43,53.65,50,138900
20240116,10:17:53,53.6,1450,138650
20240116,10:18:02,53.55,350,138650
20240116,10:18:11,53.5,50,138650
20240116,10:18:20,53.4,50,138650
20240116,10:18:29,53.6,700,138650
20240116,10:18:38,53.25,250,138650
20240116,10:18:48,53.1,150,138650
20240116,10:19:06,53.1,50,138650
20240116,10:19:16,53.2,50,138650
20240116,10:19:26,53.2,250,138650
20240116,10:19:53,53.15,200,138650
20240116,10:20:02,53.2,50,138650
20240116,10:21:03,53.45,200,138250
20240116,10:21:21,53.15,250,138250
20240116,10:21:29,53.2,100,138250
20240116,10:21:38,53.5,150,138250
20240116,10:21:47,53.45,200,138250
20240116,10:22:06,53.5,400,138250
20240116,10:22:15,53.4,1550,138250
20240116,10:22:23,53.1,1550,138250
20240116,10:22:32,53.25,50,138250
20240116,10:22:58,53.35,1000,138250
20240116,10:23:07,53.3,350,138250
20240116,10:23:16,53.3,2650,138250
20240116,10:23:34,52.95,150,138250
20240116,10:23:52,52.75,50,139550
20240116,10:24:21,52.5,1000,139550
20240116,10:24:31,52.15,650,139550
20240116,10:24:41,52.05,50,139550
20240116,10:24:50,51.65,100,139550
20240116,10:24:59,51.7,250,139550
20240116,10:25:08,51.8,300,139550
20240116,10:25:33,51.75,50,139550
20240116,10:25:42,51.8,250,139550
20240116,10:25:51,51.75,1850,139550
20240116,10:26:00,51.55,150,139550
20240116,10:26:09,51.6,50,139550
20240116,10:26:18,51.6,250,139550
20240116,10:27:00,51.85,200,142450
20240116,10:27:44,51.85,50,142450
20240116,10:28:16,51.9,50,142450
20240116,10:28:41,51.9,50,142450
20240116,10:28:57,51.85,50,142450
20240116,10:29:36,52.0,150,142450
20240116,10:30:10,52.0,200,142450
20240116,10:30:19,51.85,300,142450
20240116,10:31:43,52.0,200,142450
20240116,10:32:24,52.1,50,142450
20240116,10:33:37,52.3,100,142000
20240116,10:34:12,52.35,50,142000
20240116,10:34:23,52.5,50,142000
20240116,10:35:30,52.45,1800,142000
20240116,10:36:00,52.75,100,141750
20240116,10:36:09,52.5,50,141750
20240116,10:36:27,52.75,2000,141750
20240116,10:36:37,52.5,50,141750
20240116,10:37:13,52.5,500,141750
20240116,10:37:22,52.5,3150,141750
20240116,10:37:50,52.6,250,141750
20240116,10:38:08,53.05,100,141750
20240116,10:38:17,52.85,300,141750
20240116,10:38:35,53.15,50,141750
20240116,10:38:53,53.3,100,141750
20240116,10:39:10,53.25,50,141300
20240116,10:39:29,53.5,100,141300
20240116,10:39:51,53.5,350,141300
20240116,10:40:32,53.1,100,141300
20240116,10:40:52,52.95,50,141300
20240116,10:41:48,52.8,50,141300
20240116,10:42:17,52.95,50,141700
20240116,10:42:26,53.0,150,141700
20240116,10:43:36,53.65,50,141700
20240116,10:43:46,53.65,50,141700
20240116,10:43:55,53.65,50,141700
20240116,10:44:03,53.6,200,141700
20240116,10:44:12,53.5,150,141700
20240116,10:44:31,53.45,50,141700
20240116,10:45:34,53.15,200,141800
20240116,10:46:17,53.55,300,141800
20240116,10:46:45,53.7,50,141800
20240116,10:48:04,54.6,100,141450
20240116,10:48:24,54.3,50,141450
20240116,10:48:58,53.65,100,141450
20240116,10:49:39,53.85,50,141450
20240116,10:50:05,53.6,100,141450
20240116,10:50:23,53.8,50,141450
20240116,10:51:30,53.4,50,140850
20240116,10:53:39,53.0,400,140850
20240116,10:53:48,53.25,150,140850
20240116,10:55:15,53.4,50,141150
20240116,10:56:24,53.7,50,141150
20240116,10:56:50,53.55,50,141150
20240116,10:58:12,53.95,50,140650
20240116,10:58:45,53.8,50,140650
20240116,10:58:53,53.4,200,140650
20240116,10:59:08,53.5,50,140650
20240116,10:59:25,53.25,50,140650
20240116,10:59:49,53.25,50,140650
20240116,11:00:14,53.5,300,140700
20240116,11:00:22,53.5,200,140700
20240116,11:00:39,52.8,50,140700
20240116,11:00:56,53.15,150,140700
20240116,11:01:29,53.1,100,140700
20240116,11:01:36,53.05,50,140700
20240116,11:02:01,53.05,50,140700
20240116,11:02:17,53.4,250,140700
20240116,11:03:13,53.35,50,140900
20240116,11:06:54,53.55,50,141000
20240116,11:08:18,54.0,50,141000
20240116,11:08:37,53.5,50,141000
20240116,11:10:33,53.5,350,141050
20240116,11:10:41,53.6,50,141050
20240116,11:10:50,53.6,50,141050
20240116,11:11:15,53.4,50,141050
20240116,11:12:12,54.15,50,141350
20240116,11:12:30,54.15,150,141350
20240116,11:12:40,54.5,100,141350
20240116,11:12:51,54.35,50,141350
20240116,11:13:01,54.4,50,141350
20240116,11:13:25,54.25,50,141350
20240116,11:13:42,54.1,200,141350
20240116,11:13:50,54.35,200,141350
20240116,11:13:58,53.8,50,141350
20240116,11:15:53,53.75,100,141200
20240116,11:20:05,52.9,50,141250
20240116,11:20:46,53.35,50,141250
20240116,11:23:09,53.3,50,141100
20240116,11:23:26,53.05,50,141100
20240116,11:25:45,52.5,50,141050
20240116,11:26:39,52.2,150,141050
20240116,11:27:23,52.3,50,141100
20240116,11:28:19,52.1,100,141100
20240116,11:28:36,51.85,50,141100
20240116,11:29:50,52.5,50,141100
20240116,11:30:23,52.75,50,141100
20240116,11:31:12,52.0,100,141100
20240116,11:32:10,51.9,100,141100
20240116,11:32:19,51.9,50,141100
20240116,11:32:27,51.85,300,141100
20240116,11:32:42,51.85,250,141100
20240116,11:32:49,51.85,300,141100
20240116,11:32:58,52.35,150,141100
20240116,11:34:34,52.95,50,140800
20240116,11:35:15,53.0,50,140800
20240116,11:35:47,53.35,50,140800
20240116,11:37:01,53.25,250,140800
20240116,11:37:08,53.05,100,140800
20240116,11:37:25,53.1,200,140800
20240116,11:37:49,52.95,200,140800
20240116,11:38:20,53.25,800,140800
20240116,11:38:51,53.65,100,140800
20240116,11:39:07,53.55,150,139950
20240116,11:39:22,53.5,50,139950
20240116,11:40:55,53.3,50,139950
20240116,11:41:04,53.5,50,139950
20240116,11:41:44,53.25,200,139950
20240116,11:42:18,53.0,250,139450
20240116,11:42:27,53.0,150,139450
20240116,11:42:57,52.35,100,139450
20240116,11:43:08,52.5,50,139450
20240116,11:43:28,52.6,100,139450
20240116,11:44:07,52.85,100,139450
20240116,11:44:51,52.35,100,139450
20240116,11:44:58,52.3,100,139450
20240116,11:45:02,52.45,1250,139300
20240116,11:45:03,52.45,350,139300
20240116,11:45:06,52.5,100,139300
20240116,11:45:17,52.5,50,139300
20240116,11:45:25,52.45,100,139300
20240116,11:45:26,52.45,800,139300
20240116,11:45:27,52.65,2100,139300
20240116,11:45:29,52.5,100,139300
20240116,11:45:38,52.2,100,139300
20240116,11:45:41,51.8,350,139300
20240116,11:45:42,51.8,50,139300
20240116,11:45:45,51.8,50,139300
20240116,11:45:50,51.95,100,139300
20240116,11:45:51,51.9,100,139300
20240116,11:45:52,51.9,100,139300
20240116,11:45:53,51.9,100,139300
20240116,11:45:54,51.9,50,139300
20240116,11:45:55,51.85,100,139300
20240116,11:45:57,51.8,50,139300
20240116,11:45:58,51.85,100,139300
20240116,11:45:58,51.8,50,139300
20240116,11:46:07,51.95,300,139300
20240116,11:46:16,51.75,250,139300
20240116,11:46:25,51.8,600,139300
20240116,11:46:34,51.45,400,139300
20240116,11:46:42,51.5,200,139300
20240116,11:46:51,51.25,350,139300
20240116,11:47:00,51.15,300,139300
20240116,11:47:10,51.05,150,139300
20240116,11:47:37,51.4,250,139300
20240116,11:48:05,51.8,50,139300
20240116,11:48:22,52.0,50,144650
20240116,11:48:48,52.3,300,144650
20240116,11:51:17,52.05,100,145000
20240116,11:51:40,52.0,50,145000
20240116,11:52:32,51.8,50,145000
20240116,11:55:06,52.05,50,144900
20240116,11:56:48,51.85,300,144900
20240116,11:56:56,51.65,300,144900
20240116,11:57:04,51.8,150,145150
20240116,11:57:11,51.9,300,145150
20240116,11:57:19,52.05,500,145150
20240116,11:57:27,52.1,1350,145150
20240116,11:57:44,52.0,150,145150
20240116,11:58:16,52.3,50,145150
20240116,11:58:33,52.4,150,145150
20240116,11:58:43,52.3,300,145150
20240116,11:58:59,52.5,200,145150
20240116,11:59:10,52.55,150,145150
20240116,11:59:18,52.75,150,145150
20240116,11:59:19,52.65,150,145150
20240116,11:59:45,52.65,50,145150
20240116,11:59:54,52.95,50,145150
20240116,12:00:16,52.3,150,148400
20240116,12:00:25,52.65,100,148400
20240116,12:00:34,52.15,200,148400
20240116,12:00:43,52.4,50,148400
20240116,12:01:42,52.3,50,148400
20240116,12:01:51,52.3,100,148400
20240116,12:03:04,52.3,50,148400
20240116,12:04:11,51.75,50,148800
20240116,12:04:20,51.45,50,148800
20240116,12:04:51,51.35,150,148800
20240116,12:06:03,51.4,150,148800
20240116,12:07:04,51.6,350,147250
20240116,12:07:12,51.9,1050,147250
20240116,12:07:56,51.4,150,147250
20240116,12:08:30,51.0,50,147250
20240116,12:09:27,50.0,1100,146600
20240116,12:10:12,49.35,100,146600
20240116,12:10:22,50.0,300,146600
20240116,12:10:41,49.55,50,146600
20240116,12:10:51,49.65,2000,146600
20240116,12:11:46,51.0,1800,146600
20240116,12:11:56,50.6,1100,146600
20240116,12:12:54,50.5,50,149350
20240116,12:13:11,50.65,50,149350
20240116,12:13:35,50.4,150,149350
20240116,12:14:57,50.75,100,149350
20240116,12:15:06,50.75,450,149350
20240116,12:15:14,50.9,150,149550
20240116,12:15:30,50.6,150,149550
20240116,12:15:37,50.65,150,149550
20240116,12:16:26,50.45,100,149550
20240116,12:16:42,50.25,100,149550
20240116,12:16:59,50.3,150,149550
20240116,12:17:14,50.45,100,149550
20240116,12:17:38,50.3,250,149550
20240116,12:18:20,50.5,50,149550
20240116,12:18:21,50.4,50,149050
20240116,12:18:44,50.05,50,149050
20240116,12:18:51,50.3,50,149050
20240116,12:18:52,50.2,50,149050
20240116,12:18:53,50.35,100,149050
20240116,12:19:25,49.3,250,149050
20240116,12:19:36,49.15,150,149050
20240116,12:19:46,49.65,150,149050
20240116,12:20:11,49.75,300,149050
20240116,12:20:19,49.9,50,149050
20240116,12:21:06,49.9,1800,149200
20240116,12:21:21,50.2,100,149200
20240116,12:22:12,50.2,50,149200
20240116,12:22:43,50.15,50,149200
20240116,12:23:21,50.4,50,149200
20240116,12:24:28,50.4,50,148500
20240116,12:26:02,50.65,50,148500
20240116,12:26:36,50.7,50,148500
20240116,12:26:52,51.0,1000,148500
20240116,12:27:54,50.75,150,148350
20240116,12:28:01,50.6,450,148350
20240116,12:28:18,51.0,50,148350
20240116,12:28:33,51.05,200,148350
20240116,12:29:03,50.65,50,148350
20240116,12:29:27,50.75,100,148350
20240116,12:30:21,51.45,100,148350
20240116,12:31:15,51.8,500,148350
20240116,12:31:24,51.95,100,148350
20240116,12:31:32,51.95,100,148350
20240116,12:31:40,51.85,300,148350
20240116,12:31:47,52.2,750,148350
20240116,12:31:55,51.65,50,148350
20240116,12:32:33,51.7,550,148350
20240116,12:32:41,51.6,50,148350
20240116,12:32:55,51.75,50,148350
20240116,12:33:03,51.45,100,148350
20240116,12:33:11,51.4,50,150350
20240116,12:33:42,50.5,1200,150350
20240116,12:33:56,50.5,600,150350
20240116,12:34:20,51.0,1050,150350
20240116,12:34:36,50.75,50,150350
20240116,12:35:13,50.75,650,150350
20240116,12:35:29,51.05,100,150350
20240116,12:35:45,51.25,100,150350
20240116,12:35:53,51.25,50,150350
20240116,12:36:00,50.95,150,150350
20240116,12:36:07,50.85,600,150350
20240116,12:36:30,50.9,50,152950
20240116,12:36:54,50.6,100,152950
20240116,12:37:11,50.6,300,152950
20240116,12:37:18,50.55,50,152950
20240116,12:37:26,50.7,200,152950
20240116,12:37:34,50.7,50,152950
20240116,12:37:50,50.3,300,152950
20240116,12:38:08,50.5,100,152950
20240116,12:38:18,50.45,650,152950
20240116,12:38:28,50.55,50,152950
20240116,12:38:56,50.4,1100,152950
20240116,12:39:31,50.1,50,154250
20240116,12:40:37,50.55,700,154250
20240116,12:40:45,50.5,100,154250
20240116,12:40:53,50.0,900,154250
20240116,12:41:26,50.35,700,154250
20240116,12:41:34,50.4,50,154250
20240116,12:41:42,50.45,100,154250
20240116,12:41:50,50.25,200,154250
20240116,12:41:57,50.3,150,154250
20240116,12:42:05,50.3,150,154250
20240116,12:42:20,50.5,200,155000
20240116,12:42:27,50.65,100,155000
20240116,12:43:22,50.2,500,155000
20240116,12:43:47,50.2,50,155000
20240116,12:43:55,50.3,100,155000
20240116,12:44:03,50.2,50,155000
20240116,12:44:18,50.25,50,155000
20240116,12:44:27,50.0,3100,155000
20240116,12:44:35,49.95,500,155000
20240116,12:44:43,49.95,100,155000
20240116,12:44:52,49.9,200,155000
20240116,12:45:01,49.9,200,155000
20240116,12:45:10,49.9,150,155000
20240116,12:45:19,50.0,400,159300
20240116,12:45:28,50.25,250,159300
20240116,12:45:36,50.4,250,159300
20240116,12:45:43,50.4,150,159300
20240116,12:45:51,50.5,50,159300
20240116,12:46:06,50.5,200,159300
20240116,12:46:20,50.2,100,159300
20240116,12:46:28,50.15,150,159300
20240116,12:46:37,49.95,50,159300
20240116,12:46:45,50.0,100,159300
20240116,12:47:10,49.8,50,159300
20240116,12:47:35,49.95,100,159300
20240116,12:47:43,49.85,100,159300
20240116,12:47:53,49.65,1900,159300
20240116,12:48:15,49.0,600,161050
20240116,12:48:27,49.1,150,161050
20240116,12:48:38,49.0,500,161050
20240116,12:48:48,49.0,250,161050
20240116,12:49:09,49.05,150,161050
20240116,12:49:20,48.7,200,161050
20240116,12:49:42,48.3,350,161050
20240116,12:49:53,48.5,50,161050
20240116,12:50:03,48.25,350,161050
20240116,12:50:23,48.2,50,161050
20240116,12:50:33,48.5,550,161050
20240116,12:51:08,48.5,300,161050
20240116,12:51:17,48.0,350,162050
20240116,12:51:26,48.3,300,162050
20240116,12:51:36,48.0,50,162050
20240116,12:51:47,48.05,200,162050
20240116,12:52:21,48.95,100,162050
20240116,12:52:37,48.85,150,162050
20240116,12:52:53,49.0,150,162050
20240116,12:53:10,49.35,100,162050
20240116,12:53:18,49.4,100,162050
20240116,12:53:27,49.6,300,162050
20240116,12:54:51,49.9,50,162400
20240116,12:55:08,49.9,100,162400
20240116,12:55:56,50.0,250,162400
20240116,12:57:05,50.0,50,162400
20240116,12:57:13,49.9,100,162450
20240116,12:57:29,49.65,100,162450
20240116,12:57:37,49.45,100,162450
20240116,12:57:53,49.5,150,162450
20240116,12:58:19,49.2,50,162450
20240116,12:58:28,49.75,50,162450
20240116,12:58:59,50.15,300,162450
20240116,12:59:14,49.95,50,162450
20240116,12:59:22,50.05,50,162450
20240116,12:59:30,49.8,150,162450
20240116,12:59:38,49.45,250,162450
20240116,12:59:47,49.6,100,162450
20240116,12:59:55,49.45,100,162450
20240116,13:00:11,49.3,200,162900
20240116,13:00:19,49.15,100,162900
20240116,13:00:28,49.2,50,162900
20240116,13:00:48,48.95,50,162900
20240116,13:00:59,48.15,250,162900
20240116,13:01:10,48.2,250,162900
20240116,13:01:35,48.45,1150,162900
20240116,13:02:08,48.55,200,162900
20240116,13:02:16,48.45,200,162900
20240116,13:03:35,48.35,100,164700
20240116,13:03:52,48.25,50,164700
20240116,13:04:00,48.25,100,164700
20240116,13:04:31,48.25,50,164700
20240116,13:04:39,48.0,50,164700
20240116,13:04:46,48.0,200,164700
20240116,13:04:54,47.75,100,164700
20240116,13:05:11,47.8,200,164700
20240116,13:05:42,47.4,350,164700
20240116,13:05:49,47.9,200,164700
20240116,13:06:28,47.5,300,165000
20240116,13:06:37,47.35,650,165000
20240116,13:06:49,47.25,200,165000
20240116,13:07:16,47.4,150,165000
20240116,13:07:31,47.35,50,165000
20240116,13:07:48,47.35,50,165000
20240116,13:07:57,47.3,50,165000
20240116,13:08:25,47.4,50,165000
20240116,13:08:33,47.4,100,165000
20240116,13:09:01,47.65,50,165000
20240116,13:09:50,47.45,200,165150
20240116,13:10:00,47.4,50,165150
20240116,13:10:19,47.4,50,165150
20240116,13:10:35,47.6,100,165150
20240116,13:10:43,47.4,150,165150
20240116,13:11:23,47.55,50,165150
20240116,13:11:50,47.65,50,165150
20240116,13:12:16,47.9,100,165050
20240116,13:12:24,47.75,300,165050
20240116,13:12:49,47.5,200,165050
20240116,13:12:59,47.5,500,165050
20240116,13:13:11,46.65,450,165050
20240116,13:13:22,46.5,50,165050
20240116,13:13:35,46.4,850,165050
20240116,13:13:47,46.4,350,165050
20240116,13:13:57,46.35,500,165050
20240116,13:14:07,46.4,250,165050
20240116,13:14:29,46.0,400,165050
20240116,13:14:39,46.05,150,165050
20240116,13:14:49,46.25,150,165050
20240116,13:14:57,46.05,200,165050
20240116,13:15:06,46.2,150,165050
20240116,13:15:33,45.45,1950,165600
20240116,13:15:43,45.3,1300,165600
20240116,13:15:53,45.3,1850,165600
20240116,13:16:01,46.15,750,165600
20240116,13:16:10,46.2,100,165600
20240116,13:16:19,46.0,100,165600
20240116,13:16:28,46.0,50,165600
20240116,13:16:36,46.1,450,165600
20240116,13:16:46,46.55,2050,165600
20240116,13:16:55,46.6,300,165600
20240116,13:17:05,46.6,400,165600
20240116,13:17:15,46.75,250,165600
20240116,13:17:24,46.75,50,165600
20240116,13:17:33,46.8,550,165600
20240116,13:17:42,46.9,150,165600
20240116,13:17:51,47.05,300,165600
20240116,13:17:59,47.05,350,165600
20240116,13:18:08,46.75,800,165600
20240116,13:18:17,46.95,100,165600
20240116,13:18:26,46.6,600,167600
20240116,13:18:34,46.75,50,167600
20240116,13:18:43,46.9,100,167600
20240116,13:18:52,46.9,450,167600
20240116,13:19:02,46.85,150,167600
20240116,13:19:11,46.8,450,167600
20240116,13:19:47,46.15,150,167600
20240116,13:19:56,45.85,150,167600
20240116,13:20:05,45.9,400,167600
20240116,13:20:15,45.85,300,167600
20240116,13:20:24,45.85,100,167600
20240116,13:20:43,46.0,150,167600
20240116,13:20:51,45.9,50,167600
20240116,13:21:08,46.1,150,167600
20240116,13:21:17,46.25,1050,168100
20240116,13:21:26,46.2,950,168100
20240116,13:21:44,46.2,100,168100
20240116,13:21:53,46.2,250,168100
20240116,13:22:01,46.1,1000,168100
20240116,13:22:09,46.0,150,168100
20240116,13:22:18,46.0,50,168100
20240116,13:22:26,45.9,1900,168100
20240116,13:22:35,46.0,100,168100
20240116,13:22:43,46.0,250,168100
20240116,13:22:51,45.95,950,168100
20240116,13:23:07,46.0,50,168100
20240116,13:23:15,46.25,2100,168100
20240116,13:23:24,46.15,100,168100
20240116,13:23:32,46.2,150,168100
20240116,13:23:49,46.4,50,168100
20240116,13:23:57,46.35,150,168100
20240116,13:24:04,46.35,950,168100
20240116,13:24:12,46.1,600,168100
20240116,13:24:20,45.95,550,172800
20240116,13:24:30,45.95,300,172800
20240116,13:24:41,45.95,100,172800
20240116,13:24:52,45.95,450,172800
20240116,13:25:02,46.1,650,172800
20240116,13:25:13,45.65,900,172800
20240116,13:25:24,45.6,250,172800
20240116,13:25:33,45.75,200,172800
20240116,13:25:43,45.85,100,172800
20240116,13:25:53,46.25,200,172800
20240116,13:26:02,46.2,50,172800
20240116,13:26:11,46.55,250,172800
20240116,13:26:20,46.6,650,172800
20240116,13:26:28,46.7,100,172800
20240116,13:27:53,46.15,250,174500
20240116,13:28:03,46.15,300,174500
20240116,13:28:12,46.15,100,174500
20240116,13:28:29,46.15,150,174500
20240116,13:28:38,46.2,200,174500
20240116,13:28:46,46.25,100,174500
20240116,13:29:11,46.4,300,174500
20240116,13:29:26,46.65,50,174500
20240116,13:29:52,46.75,50,174500
20240116,13:30:01,46.25,850,174500
20240116,13:30:11,45.55,2200,174500
20240116,13:30:21,46.15,300,173200
20240116,13:30:30,46.05,200,173200
20240116,13:30:45,45.9,200,173200
20240116,13:30:54,46.05,400,173200
20240116,13:31:02,46.15,3200,173200
20240116,13:31:10,46.3,150,173200
20240116,13:31:18,45.5,3700,173200
20240116,13:31:27,45.45,1000,173200
20240116,13:31:35,45.6,450,173200
20240116,13:31:44,45.35,500,173200
20240116,13:31:52,45.35,300,173200
20240116,13:32:00,45.2,300,173200
20240116,13:32:08,45.35,300,173200
20240116,13:32:16,45.05,250,173200
20240116,13:32:25,45.15,250,173200
20240116,13:32:33,45.05,200,173200
20240116,13:32:41,44.9,250,173200
20240116,13:32:51,44.85,2650,173200
20240116,13:33:03,44.85,200,173200
20240116,13:33:15,44.45,150,171400
20240116,13:33:27,44.4,200,171400
20240116,13:33:39,44.05,550,171400
20240116,13:33:52,43.5,250,171400
20240116,13:34:04,42.95,350,171400
20240116,13:34:17,42.85,400,171400
20240116,13:34:29,42.95,200,171400
20240116,13:34:41,42.6,800,171400
20240116,13:34:52,42.4,450,171400
20240116,13:35:02,42.4,150,171400
20240116,13:35:14,42.3,350,171400
20240116,13:35:26,42.3,950,171400
20240116,13:35:37,42.2,3850,171400
20240116,13:35:57,42.35,50,171400
20240116,13:36:20,42.2,50,175650
20240116,13:36:32,41.95,700,175650
20240116,13:36:45,41.25,200,175650
20240116,13:37:17,41.25,50,175650
20240116,13:37:37,41.7,500,175650
20240116,13:37:48,41.45,250,175650
20240116,13:37:58,41.45,250,175650
20240116,13:38:08,41.3,200,175650
20240116,13:38:20,41.0,250,175650
20240116,13:38:30,41.0,450,175650
20240116,13:38:40,41.4,100,175650
20240116,13:39:00,41.5,50,175650
20240116,13:39:22,41.65,50,175650
20240116,13:39:32,42.1,250,175200
20240116,13:39:52,42.35,600,175200
20240116,13:40:13,42.55,300,175200
20240116,13:40:35,43.1,150,175200
20240116,13:40:55,42.75,300,175200
20240116,13:41:22,43.2,50,175200
20240116,13:41:32,43.25,250,175200
20240116,13:41:42,42.9,200,175200
20240116,13:41:51,43.15,100,175200
20240116,13:42:11,43.35,50,175200
20240116,13:42:19,43.4,500,175200
20240116,13:42:38,43.3,50,173400
20240116,13:42:56,43.25,50,173400
20240116,13:43:05,43.35,50,173400
20240116,13:44:30,44.0,150,173400
20240116,13:44:41,44.05,1900,173400
20240116,13:45:01,44.2,50,173400
20240116,13:45:10,44.2,1500,173400
20240116,13:45:30,43.85,50,174150
20240116,13:45:57,44.85,150,174150
20240116,13:46:06,44.9,100,174150
20240116,13:46:16,45.1,650,174150
20240116,13:46:25,45.4,100,174150
20240116,13:46:35,45.5,650,174150
20240116,13:46:44,45.65,50,174150
20240116,13:46:54,45.8,150,174150
20240116,13:47:04,46.05,200,174150
20240116,13:47:14,46.6,50,174150
20240116,13:47:24,46.45,50,174150
20240116,13:47:43,46.3,500,174150
20240116,13:48:09,46.1,100,174150
20240116,13:48:18,46.0,50,174150
20240116,13:48:27,45.8,200,173750
20240116,13:48:36,46.05,400,173750
20240116,13:48:45,45.95,100,173750
20240116,13:48:55,46.2,50,173750
20240116,13:49:21,46.0,50,173750
20240116,13:50:42,45.0,100,173750
20240116,13:51:11,44.4,50,173750
20240116,13:51:31,44.15,100,174300
20240116,13:51:40,44.2,4900,174300
20240116,13:52:00,45.2,50,174300
20240116,13:52:10,45.7,50,174300
20240116,13:52:28,46.0,2350,174300
20240116,13:52:38,46.15,200,174300
20240116,13:52:58,45.85,4050,174300
20240116,13:53:08,45.75,100,174300
20240116,13:53:18,45.2,100,174300
20240116,13:53:27,44.45,1800,174300
20240116,13:53:37,44.6,550,174300
20240116,13:53:46,45.05,6450,174300
20240116,13:54:04,44.65,2050,174300
20240116,13:54:12,44.5,450,174300
20240116,13:54:21,44.9,250,182950
20240116,13:54:30,45.05,50,182950
20240116,13:54:39,44.9,300,182950
20240116,13:54:47,45.15,50,182950
20240116,13:54:56,45.0,150,182950
20240116,13:55:05,45.35,50,182950
20240116,13:55:13,45.15,150,182950
20240116,13:55:40,45.6,50,182950
20240116,13:55:57,45.6,1350,182950
20240116,13:56:06,45.6,800,182950
20240116,13:56:15,45.45,200,182950
20240116,13:56:33,45.4,150,182950
20240116,13:56:43,45.6,300,182950
20240116,13:56:53,45.75,200,182950
20240116,13:57:03,45.9,250,182950
20240116,13:57:31,45.95,50,183550
20240116,13:57:40,45.75,600,183550
20240116,13:58:08,46.1,1000,183550
20240116,13:58:59,46.6,850,183550
20240116,13:59:09,46.85,400,183550
20240116,13:59:19,46.5,150,183550
20240116,13:59:28,46.4,50,183550
20240116,13:59:46,46.55,100,183550
20240116,13:59:54,46.55,650,183550
20240116,14:00:05,46.3,100,183550
20240116,14:00:14,46.25,100,183550
20240116,14:00:23,46.5,50,183800
20240116,14:00:41,46.15,50,183800
20240116,14:00:50,45.8,100,183800
20240116,14:01:19,46.7,200,183800
20240116,14:01:28,46.9,50,183800
20240116,14:01:55,46.55,100,183800
20240116,14:02:32,46.2,850,183800
20240116,14:02:50,45.75,50,183800
20240116,14:03:00,45.65,750,183800
20240116,14:03:10,45.4,200,183800
20240116,14:03:19,45.55,100,183800
20240116,14:03:37,46.15,100,183800
20240116,14:04:03,46.05,50,183800
20240116,14:04:38,45.75,50,183800
20240116,14:05:04,45.25,50,183800
20240116,14:05:13,45.25,50,183800
20240116,14:05:22,45.25,50,183800
20240116,14:05:40,45.25,850,183800
20240116,14:06:18,45.1,700,183800
20240116,14:06:45,44.4,100,183250
20240116,14:06:54,44.75,250,183250
20240116,14:07:51,45.95,1300,183250
20240116,14:08:28,45.75,150,183250
20240116,14:08:36,45.8,100,183250
20240116,14:10:24,46.15,150,184650
20240116,14:12:06,46.2,50,184650
20240116,14:12:15,46.55,50,184650
20240116,14:12:23,46.65,100,184550
20240116,14:12:50,46.95,50,184550
20240116,14:13:00,47.25,200,184550
20240116,14:13:11,46.85,100,184550
20240116,14:13:43,47.35,150,184550
20240116,14:13:53,47.1,250,184550
20240116,14:14:04,47.0,50,184550
20240116,14:14:14,46.7,50,184550
20240116,14:14:24,46.5,100,184550
20240116,14:14:33,46.35,50,184550
20240116,14:14:43,46.35,200,184550
20240116,14:15:43,46.55,350,184850
20240116,14:16:18,46.5,200,184850
20240116,14:16:37,46.0,150,184850
20240116,14:16:56,45.8,50,184850
20240116,14:17:05,45.9,100,184850
20240116,14:19:23,47.05,150,185300
20240116,14:19:40,47.0,50,185300
20240116,14:20:26,47.65,150,185300
20240116,14:21:41,46.85,400,185350
20240116,14:22:07,46.85,50,185350
20240116,14:22:34,46.85,250,185350
20240116,14:22:42,47.1,50,185350
20240116,14:23:18,47.05,150,185350
20240116,14:23:27,47.05,50,185350
20240116,14:23:36,47.0,1000,185350
20240116,14:23:45,46.65,50,185350
20240116,14:23:54,46.7,50,185350
20240116,14:24:04,46.65,50,185350
20240116,14:24:23,46.3,200,185350
20240116,14:26:02,46.5,50,184300
20240116,14:26:31,46.15,100,184300
20240116,14:27:01,45.8,250,184300
20240116,14:27:30,45.8,150,184350
20240116,14:27:58,45.8,50,184350
20240116,14:28:06,45.8,1400,184350
20240116,14:28:15,45.85,450,184350
20240116,14:29:42,46.65,250,184350
20240116,14:30:36,47.0,100,185000
20240116,14:30:54,47.0,50,185000
20240116,14:31:03,47.0,650,185000
20240116,14:31:21,46.95,700,185000
20240116,14:31:30,46.95,200,185000
20240116,14:31:57,46.8,50,185000
20240116,14:32:06,46.8,50,185000
20240116,14:32:40,46.45,500,185000
20240116,14:32:49,46.45,800,185000
20240116,14:32:58,46.5,50,185000
20240116,14:33:07,46.25,200,185000
20240116,14:33:32,46.25,600,184800
20240116,14:33:49,46.7,250,184800
20240116,14:33:58,46.7,900,184800
20240116,14:34:06,46.9,1050,184800
20240116,14:34:15,47.0,100,184800
20240116,14:34:23,47.15,1850,184800
20240116,14:34:31,46.85,1100,184800
20240116,14:34:40,46.7,800,184800
20240116,14:34:48,46.75,1000,184800
20240116,14:34:57,46.65,2050,184800
20240116,14:35:06,47.0,2500,184800
20240116,14:35:14,46.9,700,184800
20240116,14:35:23,46.45,1150,184800
20240116,14:35:32,46.4,450,184800
20240116,14:35:42,46.2,400,184800
20240116,14:35:53,45.65,550,184800
20240116,14:36:04,45.2,1000,184800
20240116,14:36:15,45.05,550,184800
20240116,14:36:26,44.45,850,193450
20240116,14:36:38,44.1,2100,193450
20240116,14:36:49,43.7,300,193450
20240116,14:37:00,43.6,300,193450
20240116,14:37:41,44.1,550,193450
20240116,14:38:20,44.9,50,193450
20240116,14:38:38,44.9,400,193450
20240116,14:38:47,44.9,600,193450
20240116,14:38:56,44.9,150,193450
20240116,14:39:05,45.05,950,193450
20240116,14:39:23,45.2,250,193450
20240116,14:39:59,45.75,350,196000
20240116,14:40:09,45.6,50,196000
20240116,14:40:19,45.7,350,196000
20240116,14:40:29,45.9,50,196000
20240116,14:40:49,45.7,150,196000
20240116,14:40:58,45.75,1100,196000
20240116,14:41:07,45.65,50,196000
20240116,14:41:16,45.6,50,196000
20240116,14:41:34,45.55,150,196000
20240116,14:41:43,45.1,150,196000
20240116,14:41:52,45.2,50,196000
20240116,14:42:02,45.2,50,196000
20240116,14:42:39,46.05,50,197050
20240116,14:42:49,46.0,400,197050
20240116,14:42:57,46.15,50,197050
20240116,14:43:32,46.0,200,197050
20240116,14:43:40,46.15,50,197050
20240116,14:44:07,46.55,1100,197050
20240116,14:44:16,46.45,150,197050
20240116,14:44:25,46.35,300,197050
20240116,14:44:34,46.3,2000,197050
20240116,14:44:51,46.15,450,197050
20240116,14:45:00,46.05,50,197050
20240116,14:45:08,46.3,50,197050
20240116,14:45:17,46.25,50,197050
20240116,14:45:26,46.3,2350,200050
20240116,14:45:35,46.3,150,200050
20240116,14:45:44,46.3,500,200050
20240116,14:45:53,46.6,50,200050
20240116,14:46:02,46.8,850,200050
20240116,14:46:11,46.95,150,200050
20240116,14:46:20,46.8,200,200050
20240116,14:46:29,46.55,450,200050
20240116,14:46:40,46.8,100,200050
20240116,14:46:49,47.2,300,200050
20240116,14:46:58,47.0,100,200050
20240116,14:47:07,47.15,1250,200050
20240116,14:47:16,47.0,150,200050
20240116,14:47:50,46.85,50,200050
20240116,14:47:59,46.75,100,200050
20240116,14:48:08,46.85,550,200050
20240116,14:48:26,46.3,50,204250
20240116,14:48:45,46.15,250,204250
20240116,14:48:54,46.3,250,204250
20240116,14:49:48,46.7,200,204250
20240116,14:50:05,46.75,300,204250
20240116,14:50:32,46.85,50,204250
20240116,14:50:58,46.8,400,204250
20240116,14:51:33,47.15,650,204050
20240116,14:52:12,47.15,50,204050
20240116,14:52:21,47.35,100,204050
20240116,14:52:31,47.3,100,204050
20240116,14:53:08,47.0,700,204050
20240116,14:53:17,46.6,250,204050
20240116,14:53:35,46.4,50,204050
20240116,14:54:09,46.05,50,204050
20240116,14:54:53,45.65,200,204100
20240116,14:55:12,45.65,50,204100
20240116,14:55:38,45.65,50,204100
20240116,14:56:04,45.7,100,204100
20240116,14:56:56,45.65,50,204100
20240116,14:57:05,45.85,1100,204100
20240116,14:57:58,45.95,150,204250
20240116,14:58:07,46.05,100,204250
20240116,14:58:15,46.3,50,204250
20240116,14:58:25,46.35,200,204250
20240116,14:58:34,46.1,100,204250
20240116,14:58:43,46.2,50,204250
20240116,14:58:52,46.1,50,204250
20240116,14:59:10,46.6,50,204250
20240116,14:59:19,46.5,50,204250
20240116,15:00:05,46.25,50,204250
20240116,15:00:52,46.0,250,204700
20240116,15:01:01,46.0,350,204700
20240116,15:01:10,46.0,400,204700
20240116,15:01:46,46.0,100,204700
20240116,15:02:23,45.8,100,204700
20240116,15:02:32,46.0,500,204700
20240116,15:02:50,45.95,50,204700
20240116,15:02:59,45.85,50,204700
20240116,15:03:45,46.4,500,205800
20240116,15:03:54,46.05,200,205800
20240116,15:04:21,46.25,50,205800
20240116,15:04:30,46.05,250,205800
20240116,15:04:39,46.4,500,205800
20240116,15:04:47,45.95,50,205800
20240116,15:05:22,46.25,700,205800
20240116,15:05:38,46.25,200,205800
20240116,15:05:55,46.25,600,205800
20240116,15:06:04,46.05,750,205800
20240116,15:06:14,46.2,1000,205800
20240116,15:06:22,46.0,750,205800
20240116,15:06:49,46.3,700,207350
20240116,15:06:58,46.05,200,207350
20240116,15:07:24,45.9,50,207350
20240116,15:07:42,45.75,100,207350
20240116,15:07:51,45.8,50,207350
20240116,15:09:01,45.8,600,207350
20240116,15:09:37,45.8,300,207200
20240116,15:09:55,45.8,50,207200
20240116,15:10:13,45.8,100,207200
20240116,15:10:22,45.9,350,207200
20240116,15:11:52,45.8,150,207200
20240116,15:12:37,45.75,50,207200
20240116,15:12:54,46.0,400,207200
20240116,15:13:04,46.0,500,207200
20240116,15:13:40,46.0,700,207200
20240116,15:13:49,45.75,50,207200
20240116,15:13:58,45.9,200,207200
20240116,15:14:33,45.9,250,207200
20240116,15:15:26,45.75,150,207200
20240116,15:15:45,45.85,500,207550
20240116,15:15:54,45.85,50,207550
20240116,15:16:03,45.85,350,207550
20240116,15:16:12,45.85,650,207550
20240116,15:16:39,45.6,500,207550
20240116,15:16:49,45.55,150,207550
20240116,15:16:59,45.45,100,207550
20240116,15:17:09,45.0,300,207550
20240116,15:17:57,45.05,700,207550
20240116,15:18:07,44.85,100,207550
20240116,15:18:16,44.85,50,207550
20240116,15:18:35,44.6,50,207550
20240116,15:18:44,44.5,1750,207900
20240116,15:19:11,44.85,50,207900
20240116,15:19:20,44.85,300,207900
20240116,15:19:56,45.4,150,207900
20240116,15:20:05,45.35,350,207900
20240116,15:20:14,45.3,200,207900
20240116,15:20:31,45.25,50,207900
20240116,15:20:40,45.4,100,207900
20240116,15:20:58,45.35,50,207900
20240116,15:21:34,45.4,200,209750
20240116,15:21:43,45.3,1850,209750
20240116,15:22:01,45.5,200,209750
20240116,15:22:18,45.45,250,209750
20240116,15:22:27,45.5,500,209750
20240116,15:22:54,45.6,300,209750
20240116,15:23:03,45.6,50,209750
20240116,15:23:12,45.45,200,209750
20240116,15:23:56,45.4,50,209750
20240116,15:24:05,45.35,200,209750
20240116,15:24:21,45.4,800,209750
20240116,15:24:29,45.4,200,209750
20240116,15:24:46,45.3,200,211050
20240116,15:25:12,45.4,50,211050
20240116,15:25:21,45.35,150,211050
20240116,15:25:30,45.4,100,211050
20240116,15:25:38,45.5,900,211050
20240116,15:25:56,45.5,100,211050
20240116,15:26:05,45.6,300,211050
20240116,15:26:22,45.6,200,211050
20240116,15:26:31,45.6,100,211050
20240116,15:26:40,45.7,400,211050
20240116,15:26:48,45.65,200,211050
20240116,15:26:57,45.65,150,211050
20240116,15:27:06,45.65,50,211050
20240116,15:27:14,45.75,50,211050
20240116,15:27:23,45.7,100,211050
20240116,15:27:32,45.7,100,211050
20240116,15:27:40,45.7,50,211650
20240116,15:27:49,45.75,200,211650
20240116,15:27:58,45.8,1450,211650
20240116,15:28:06,45.85,50,211650
20240116,15:28:15,45.5,250,211650
20240116,15:28:24,45.65,50,211650
20240116,15:28:33,45.55,100,211650
20240116,15:28:42,45.7,150,211650
20240116,15:28:51,45.55,50,211650
20240116,15:29:00,45.65,250,211650
20240116,15:29:18,45.55,150,211650
20240116,15:29:27,45.5,800,211650
20240116,15:29:36,45.5,250,211650
20240116,15:29:47,45.3,550,211650
20240117,09:16:46,32.05,1,211600
20240117,09:16:46,32.05,50,211600
20240117,09:16:56,33.05,600,211600
20240117,09:17:07,38.25,450,211600
20240117,09:17:12,38.25,750,211600
20240117,09:17:27,31.0,450,211600
20240117,09:17:32,32.6,100,211600
20240117,09:17:36,34.0,500,211600
20240117,09:17:40,34.0,250,211600
20240117,09:17:49,35.85,500,210850
20240117,09:18:13,35.0,200,210850
20240117,09:18:22,34.55,150,210850
20240117,09:18:27,34.75,100,210850
20240117,09:18:31,35.4,500,210850
20240117,09:18:40,35.35,50,210850
20240117,09:18:46,35.25,550,210850
20240117,09:18:52,35.0,50,210850
20240117,09:18:58,35.25,1850,210850
20240117,09:19:05,34.45,950,210850
20240117,09:19:11,35.1,250,210850
20240117,09:19:17,35.0,1500,210850
20240117,09:19:24,35.4,700,210850
20240117,09:19:31,35.15,2750,210850
20240117,09:19:39,35.4,2850,210850
20240117,09:19:46,35.55,100,210850
20240117,09:19:53,35.85,1200,210850
20240117,09:20:07,34.9,1250,210850
20240117,09:20:20,34.3,100,210850
20240117,09:20:27,33.95,50,210850
20240117,09:20:34,33.7,850,210850
20240117,09:20:40,33.7,250,210850
20240117,09:20:47,33.7,300,209400
20240117,09:20:53,33.55,200,209400
20240117,09:21:08,33.1,750,209400
20240117,09:21:16,33.3,600,209400
20240117,09:21:24,33.0,300,209400
20240117,09:21:32,32.95,1200,209400
20240117,09:21:40,33.35,1750,209400
20240117,09:21:48,33.35,450,209400
20240117,09:21:55,33.3,200,209400
20240117,09:22:03,33.0,350,209400
20240117,09:22:12,32.3,2150,209400
20240117,09:22:21,32.5,100,209400
20240117,09:22:30,32.2,1250,209400
20240117,09:22:39,32.45,1700,209400
20240117,09:22:47,32.55,4100,209400
20240117,09:22:56,32.4,450,209400
20240117,09:23:04,32.55,400,209400
20240117,09:23:14,32.4,1950,209400
20240117,09:23:25,32.1,1050,209400
20240117,09:23:36,32.0,1800,209400
20240117,09:23:46,32.4,3400,209650
20240117,09:23:54,32.4,800,209650
20240117,09:24:01,32.35,850,209650
20240117,09:24:17,32.25,50,209650
20240117,09:24:25,32.6,3650,209650
20240117,09:24:33,32.5,400,209650
20240117,09:24:48,32.55,1800,209650
20240117,09:24:55,32.25,200,209650
20240117,09:25:03,32.2,2650,209650
20240117,09:25:12,32.1,50,209650
20240117,09:25:22,32.5,3600,209650
20240117,09:25:42,31.75,50,209650
20240117,09:26:00,31.5,650,209650
20240117,09:26:19,30.3,2800,209650
20240117,09:26:29,30.3,250,209650
20240117,09:26:45,30.75,800,209650
20240117,09:26:54,30.9,1950,208400
20240117,09:27:14,30.4,950,208400
20240117,09:27:24,30.7,2750,208400
20240117,09:27:32,30.6,1500,208400
20240117,09:27:40,30.65,100,208400
20240117,09:28:15,30.75,1200,208400
20240117,09:28:22,30.8,550,208400
20240117,09:28:30,30.7,500,208400
20240117,09:28:45,30.9,300,208400
20240117,09:29:02,31.25,1000,208400
20240117,09:29:17,31.05,50,208400
20240117,09:29:32,31.3,1650,208400
20240117,09:29:40,31.2,150,208400
20240117,09:29:47,31.05,150,208400
20240117,09:29:55,31.1,200,208700
20240117,09:30:02,31.0,50,208700
20240117,09:30:10,31.0,1550,208700
20240117,09:30:25,31.3,550,208700
20240117,09:30:33,31.3,500,208700
20240117,09:30:49,31.2,200,208700
20240117,09:30:57,31.5,450,208700
20240117,09:31:05,31.35,1500,208700
20240117,09:31:12,31.6,1200,208700
20240117,09:31:20,31.45,250,208700
20240117,09:31:30,31.35,950,208700
20240117,09:31:38,31.5,1400,208700
20240117,09:31:54,31.85,100,208700
20240117,09:32:02,31.45,50,208700
20240117,09:32:35,31.75,550,208700
20240117,09:32:43,32.0,300,208700
20240117,09:32:53,32.4,300,205450
20240117,09:33:03,33.1,300,205450
20240117,09:33:13,32.9,200,205450
20240117,09:33:47,33.3,100,205450
20240117,09:33:55,33.25,50,205450
20240117,09:34:03,33.5,100,205450
20240117,09:34:40,34.65,50,205450
20240117,09:34:50,34.65,100,205450
20240117,09:35:00,34.9,1950,205450
20240117,09:35:11,34.8,50,205450
20240117,09:35:22,34.9,2050,205450
20240117,09:35:31,34.65,1250,205450
20240117,09:35:39,34.6,2050,205450
20240117,09:35:56,34.55,400,207650
20240117,09:36:04,34.35,650,207650
20240117,09:36:14,34.65,200,207650
20240117,09:36:23,34.9,50,207650
20240117,09:36:39,35.0,100,207650
20240117,09:36:48,35.0,50,207650
20240117,09:37:06,34.95,50,207650
20240117,09:37:25,34.95,1250,207650
20240117,09:37:50,35.3,100,207650
20240117,09:37:58,35.7,100,207650
20240117,09:38:06,35.65,500,207650
20240117,09:38:30,35.75,900,207650
20240117,09:38:38,35.8,200,207650
20240117,09:38:46,35.9,100,207650
20240117,09:38:54,35.6,300,207150
20240117,09:39:01,35.8,250,207150
20240117,09:39:09,36.0,250,207150
20240117,09:39:17,36.05,800,207150
20240117,09:39:26,36.05,250,207150
20240117,09:39:53,35.95,50,207150
20240117,09:41:04,35.9,250,207150
20240117,09:42:03,36.1,50,206750
20240117,09:42:11,35.95,50,206750
20240117,09:42:20,36.05,50,206750
20240117,09:42:28,36.05,200,206750
20240117,09:42:36,36.05,150,206750
20240117,09:42:44,36.05,450,206750
20240117,09:42:52,36.05,400,206750
20240117,09:43:16,36.0,100,206750
20240117,09:43:32,36.15,50,206750
20240117,09:43:58,36.2,100,206750
20240117,09:44:06,36.3,50,206750
20240117,09:44:38,36.3,650,206750
20240117,09:44:47,36.25,200,206750
20240117,09:44:56,36.3,50,206400
20240117,09:45:04,36.3,550,206400
20240117,09:45:20,36.0,1300,206400
20240117,09:45:37,36.0,200,206400
20240117,09:45:46,35.95,150,206400
20240117,09:46:11,36.0,1050,206400
20240117,09:46:20,36.0,350,206400
20240117,09:46:45,36.0,250,206400
20240117,09:46:53,36.0,450,206400
20240117,09:47:01,36.0,1000,206400
20240117,09:47:09,36.1,1000,206400
20240117,09:47:18,36.4,50,206400
20240117,09:47:27,36.25,300,206400
20240117,09:47:43,36.5,800,206400
20240117,09:48:11,36.3,50,205000
20240117,09:48:36,36.0,50,205000
20240117,09:48:44,36.0,100,205000
20240117,09:49:00,36.25,300,205000
20240117,09:49:08,36.05,250,205000
20240117,09:49:16,36.2,50,205000
20240117,09:49:41,36.25,100,205000
20240117,09:50:05,36.15,500,205000
20240117,09:50:43,35.9,600,205000
20240117,09:51:21,35.65,200,204100
20240117,09:51:29,35.7,200,204100
20240117,09:51:53,35.7,500,204100
20240117,09:52:11,35.65,3400,204100
20240117,09:52:20,35.65,250,204100
20240117,09:53:30,35.05,550,204100
20240117,09:54:27,35.2,100,203600
20240117,09:55:19,35.2,200,203600
20240117,09:56:03,35.0,400,203600
20240117,09:56:29,34.4,350,203600
20240117,09:56:57,34.0,50,203250
20240117,09:57:07,34.0,300,203250
20240117,09:57:18,33.85,50,203250
20240117,09:57:35,34.3,450,203250
20240117,09:57:43,34.5,3700,203250
20240117,09:58:27,34.3,300,203250
20240117,09:58:35,34.3,250,203250
20240117,09:59:00,34.4,3800,203250
20240117,09:59:34,34.1,50,203250
20240117,09:59:42,34.0,50,203250
20240117,10:00:09,33.45,4000,204050
20240117,10:00:19,33.45,50,204050
20240117,10:00:56,33.6,50,204050
20240117,10:01:16,33.7,50,204050
20240117,10:01:25,33.8,150,204050
20240117,10:01:42,33.65,350,204050
20240117,10:02:35,33.65,50,204050
20240117,10:03:25,33.8,100,204050
20240117,10:03:34,33.5,500,204050
20240117,10:03:59,33.85,1100,204050
20240117,10:04:16,34.15,100,204050
20240117,10:04:42,33.85,1150,204050
20240117,10:04:51,34.0,200,204050
20240117,10:05:09,34.15,500,204050
20240117,10:05:17,34.0,100,204050
20240117,10:05:42,34.0,300,204050
20240117,10:06:09,34.2,500,205750
20240117,10:06:43,34.35,100,205750
20240117,10:07:02,33.75,650,205750
20240117,10:07:12,33.75,50,205750
20240117,10:07:51,34.4,200,205750
20240117,10:08:00,34.4,250,205750
20240117,10:08:09,34.35,300,205750
20240117,10:08:27,34.15,200,205750
20240117,10:08:37,34.15,500,205750
20240117,10:08:46,33.7,200,205750
20240117,10:09:05,33.9,50,205850
20240117,10:09:23,33.85,1150,205850
20240117,10:09:32,33.75,1500,205850
20240117,10:09:59,33.85,1000,205850
20240117,10:10:08,33.7,550,205850
20240117,10:10:27,33.7,300,205850
20240117,10:10:45,33.4,100,205850
20240117,10:11:03,33.3,1350,205850
20240117,10:11:21,33.5,450,205850
20240117,10:11:30,33.1,2650,205850
20240117,10:11:58,33.2,250,208900
20240117,10:12:07,33.1,300,208900
20240117,10:12:59,33.4,150,208900
20240117,10:13:43,33.8,1400,208900
20240117,10:14:08,33.75,200,208900
20240117,10:14:26,33.45,1050,208900
20240117,10:14:34,33.55,1300,208900
20240117,10:14:44,33.25,50,208900
20240117,10:14:54,33.35,150,208900
20240117,10:15:10,33.0,1350,210650
20240117,10:15:37,33.0,700,210650
20240117,10:16:16,33.55,200,210650
20240117,10:16:44,33.55,50,210650
20240117,10:17:09,33.25,50,210650
20240117,10:17:36,33.55,50,210650
20240117,10:17:45,33.7,50,210650
20240117,10:18:37,33.9,100,211000
20240117,10:21:44,33.8,50,211000
20240117,10:22:08,33.8,150,211000
20240117,10:22:16,33.95,50,211000
20240117,10:22:32,33.95,300,211000
20240117,10:22:41,33.8,200,211000
20240117,10:22:59,33.75,3000,211000
20240117,10:23:09,33.7,450,211000
20240117,10:23:18,33.7,200,211000
20240117,10:23:56,33.75,300,210700
20240117,10:24:05,33.75,100,210700
20240117,10:24:49,33.95,100,210700
20240117,10:25:48,33.95,250,210700
20240117,10:25:57,33.9,50,210700
20240117,10:26:45,33.65,200,210700
20240117,10:26:55,33.55,50,210700
20240117,10:27:06,33.5,150,210850
20240117,10:27:17,33.5,100,210850
20240117,10:27:27,33.6,100,210850
20240117,10:27:37,33.65,850,210850
20240117,10:28:17,33.55,50,210850
20240117,10:29:03,33.6,500,210850
20240117,10:29:13,33.5,500,210850
20240117,10:30:54,33.9,500,212150
20240117,10:31:42,33.9,300,212150
20240117,10:32:27,34.0,500,212150
20240117,10:33:12,33.65,300,212500
20240117,10:33:21,33.6,50,212500
20240117,10:33:30,33.5,400,212500
20240117,10:33:40,33.5,100,212500
20240117,10:33:49,33.5,100,212500
20240117,10:35:24,33.05,200,212500
20240117,10:35:55,33.2,50,212650
20240117,10:36:05,33.15,200,212650
20240117,10:36:14,33.2,300,212650
20240117,10:36:23,32.95,3000,212650
20240117,10:36:41,32.8,100,212650
20240117,10:36:51,32.8,300,212650
20240117,10:37:01,32.6,250,212650
20240117,10:37:12,32.3,550,212650
20240117,10:37:25,32.2,1500,212650
20240117,10:37:37,32.0,1100,212650
20240117,10:37:49,31.9,1050,212650
20240117,10:37:59,31.95,1100,212650
20240117,10:38:10,31.8,1050,212650
20240117,10:38:22,31.8,1150,212650
20240117,10:38:33,31.85,400,212650
20240117,10:38:44,31.75,250,212650
20240117,10:38:55,31.75,150,212650
20240117,10:39:06,31.5,100,204500
20240117,10:39:18,31.3,100,204500
20240117,10:40:32,31.55,50,204500
20240117,10:40:43,31.8,50,204500
20240117,10:40:53,32.05,450,204500
20240117,10:41:04,32.05,100,204500
20240117,10:41:13,32.2,200,204500
20240117,10:41:23,32.2,300,204500
20240117,10:41:33,32.05,400,204500
20240117,10:41:43,31.85,750,204500
20240117,10:42:13,32.2,250,203800
20240117,10:42:22,32.25,450,203800
20240117,10:43:10,32.05,6300,203800
20240117,10:43:20,32.25,350,203800
20240117,10:43:29,31.9,2100,203800
20240117,10:43:41,31.9,1200,203800
20240117,10:44:15,31.9,3600,203800
20240117,10:44:26,31.9,50,203800
20240117,10:44:36,32.05,50,203800
20240117,10:45:26,31.9,1000,197600
20240117,10:45:48,32.0,50,197600
20240117,10:45:58,31.9,50,197600
20240117,10:46:47,32.0,100,197600
20240117,10:50:49,32.75,50,197750
20240117,10:51:10,32.55,50,197600
20240117,10:52:19,32.1,200,197600
20240117,10:54:52,32.55,150,197600
20240117,10:55:03,32.4,150,197600
20240117,10:55:12,32.55,200,197600
20240117,10:56:22,32.6,200,197600
20240117,10:56:52,32.3,650,197600
20240117,10:58:33,32.75,100,197550
20240117,10:58:44,32.7,50,197550
20240117,11:00:01,32.8,50,197550
20240117,11:00:49,32.6,50,197550
20240117,11:01:50,32.95,950,197550
20240117,11:02:37,32.95,150,197550
20240117,11:02:56,33.0,50,197550
20240117,11:03:06,33.0,100,197100
20240117,11:03:26,33.05,150,197100
20240117,11:03:53,32.8,50,197100
20240117,11:06:10,33.05,100,197100
20240117,11:06:30,33.1,50,197100
20240117,11:07:09,33.15,150,197100
20240117,11:08:44,33.15,150,197100
20240117,11:09:03,33.15,100,196600
20240117,11:09:12,33.15,150,196600
20240117,11:09:21,33.3,100,196600
20240117,11:09:39,33.3,100,196600
20240117,11:09:49,33.3,250,196600
20240117,11:09:58,33.3,650,196600
20240117,11:10:08,33.5,150,196600
20240117,11:10:18,33.6,100,196600
20240117,11:10:28,33.65,50,196600
20240117,11:10:48,33.75,300,196600
20240117,11:11:06,33.65,300,196600
20240117,11:11:16,33.65,150,196600
20240117,11:11:45,33.7,50,196600
20240117,11:11:54,34.0,50,196600
20240117,11:12:13,34.1,200,196850
20240117,11:12:22,33.5,900,196850
20240117,11:12:41,33.75,100,196850
20240117,11:12:50,33.75,50,196850
20240117,11:13:08,33.75,50,196850
20240117,11:13:28,33.85,100,196850
20240117,11:13:37,33.95,50,196850
20240117,11:13:45,33.75,50,196850
20240117,11:13:54,33.9,50,196850
20240117,11:14:02,33.85,50,196850
20240117,11:14:59,33.7,100,196850
20240117,11:15:08,33.0,100,197500
20240117,11:16:14,33.55,50,197500
20240117,11:17:04,33.0,50,197500
20240117,11:17:14,33.35,100,197500
20240117,11:20:59,34.45,200,197400
20240117,11:24:27,33.45,1000,197400
20240117,11:24:36,33.2,500,197400
20240117,11:25:12,32.95,500,197400
20240117,11:27:31,33.3,400,197600
20240117,11:28:25,33.0,50,197600
20240117,11:28:43,33.0,250,197600
20240117,11:28:51,32.9,50,197600
20240117,11:29:26,33.0,250,197600
20240117,11:29:35,33.0,50,197600
20240117,11:31:10,33.0,150,198000
20240117,11:32:05,33.0,50,198000
20240117,11:32:44,33.15,50,198000
20240117,11:33:12,32.8,300,198000
20240117,11:33:49,33.2,150,198000
20240117,11:33:59,33.25,50,198000
20240117,11:34:36,32.85,50,198000
20240117,11:34:47,32.75,50,198000
20240117,11:35:07,32.95,50,198000
20240117,11:35:16,33.0,50,198000
20240117,11:36:40,32.55,200,197400
20240117,11:37:20,32.5,150,197400
20240117,11:38:18,32.5,50,197400
20240117,11:39:28,32.5,50,197750
20240117,11:39:48,32.05,100,197750
20240117,11:40:01,32.0,50,197750
20240117,11:40:38,31.95,50,197750
20240117,11:40:58,31.8,50,197750
20240117,11:41:10,31.85,50,197750
20240117,11:43:08,31.7,1900,197800
20240117,11:43:19,31.7,250,197800
20240117,11:43:54,31.7,1500,197800
20240117,11:44:25,31.8,1000,197800
20240117,11:44:52,31.95,50,197800
20240117,11:45:03,32.4,600,197800
20240117,11:45:14,31.95,50,197800
20240117,11:45:24,32.35,100,197800
20240117,11:46:20,32.45,50,197800
20240117,11:46:38,32.8,50,197800
20240117,11:47:53,32.95,50,197800
20240117,11:48:02,32.95,500,197800
20240117,11:48:12,32.8,500,197800
20240117,11:48:49,33.1,650,198400
20240117,11:48:58,33.1,50,198400
20240117,11:49:07,33.3,450,198400
20240117,11:49:33,33.05,50,198400
20240117,11:49:42,33.1,50,198400
20240117,11:50:00,33.05,50,198400
20240117,11:50:10,32.95,100,198400
20240117,11:50:39,32.9,350,198400
20240117,11:50:49,33.25,50,198400
20240117,11:51:06,33.1,1400,198400
20240117,11:51:14,33.1,350,199600
20240117,11:51:40,33.45,50,199600
20240117,11:52:08,33.0,300,199600
20240117,11:52:29,33.0,1350,199600
20240117,11:52:41,32.1,9000,199600
20240117,11:52:51,32.95,600,199600
20240117,11:53:10,33.0,4700,199600
20240117,11:53:19,33.05,3850,199600
20240117,11:53:28,33.1,2350,199600
20240117,11:53:37,33.35,2300,199600
20240117,11:53:46,33.6,3000,199600
20240117,11:53:56,33.6,500,199600
20240117,11:54:06,33.55,550,199600
20240117,11:54:14,33.6,600,186350
20240117,11:54:24,33.5,800,186350
20240117,11:54:33,33.5,1150,186350
20240117,11:54:42,33.7,2050,186350
20240117,11:54:51,33.6,300,186350
20240117,11:55:00,33.7,1050,186350
20240117,11:55:09,33.65,250,186350
20240117,11:55:17,33.6,400,186350
20240117,11:55:26,33.6,450,186350
20240117,11:55:35,33.55,250,186350
20240117,11:55:43,33.55,100,186350
20240117,11:55:52,33.65,600,186350
20240117,11:56:00,33.4,650,186350
20240117,11:56:08,33.3,150,186350
20240117,11:56:26,33.15,300,186350
20240117,11:56:34,33.1,250,186350
20240117,11:56:43,33.25,200,186350
20240117,11:56:51,33.25,50,186350
20240117,11:57:09,33.05,100,186350
20240117,11:57:46,33.4,300,180500
20240117,11:58:03,33.55,50,180500
20240117,11:58:13,33.7,100,180500
20240117,11:58:22,33.75,50,180500
20240117,11:58:50,33.9,50,180500
20240117,11:59:08,33.75,100,180500
20240117,11:59:17,33.75,50,180500
20240117,11:59:25,34.1,200,180500
20240117,11:59:44,34.1,50,180500
20240117,11:59:53,34.1,50,180500
20240117,12:00:02,34.2,100,180500
20240117,12:00:10,34.25,250,180250
20240117,12:00:28,34.05,50,180250
20240117,12:00:37,33.95,50,180250
20240117,12:00:45,34.0,200,180250
20240117,12:01:03,34.0,50,180250
20240117,12:01:12,34.0,150,180250
20240117,12:01:21,33.8,150,180250
20240117,12:01:30,33.75,200,180250
20240117,12:01:39,33.7,200,180250
20240117,12:02:07,33.6,400,180250
20240117,12:02:16,33.45,600,180250
20240117,12:02:58,33.3,150,180250
20240117,12:03:10,33.1,50,180250
20240117,12:03:21,32.8,300,179050
20240117,12:04:11,33.45,100,179050
20240117,12:04:32,33.55,100,179050
20240117,12:04:42,33.55,50,179050
20240117,12:04:51,33.6,500,179050
20240117,12:05:37,33.6,500,179050
20240117,12:05:48,33.6,150,179050
20240117,12:06:11,33.85,50,178000
20240117,12:06:23,34.05,250,178000
20240117,12:06:34,34.5,350,178000
20240117,12:06:56,34.6,1000,178000
20240117,12:07:05,33.85,350,178000
20240117,12:07:33,33.9,150,178000
20240117,12:08:02,34.0,50,178000
20240117,12:09:23,34.05,200,176400
20240117,12:10:01,33.75,50,176400
20240117,12:10:30,34.4,500,176400
20240117,12:11:09,34.05,200,176400
20240117,12:12:04,34.0,200,176400
20240117,12:12:23,34.2,500,177050
20240117,12:12:32,34.0,50,177050
20240117,12:13:01,34.4,1700,177050
20240117,12:13:12,34.05,50,177050
20240117,12:13:21,33.95,150,177050
20240117,12:13:30,33.9,250,177050
20240117,12:13:39,33.85,100,177050
20240117,12:13:48,33.7,350,177050
20240117,12:13:59,33.55,150,177050
20240117,12:14:17,33.65,400,177050
20240117,12:14:25,33.85,1100,177050
20240117,12:14:33,33.7,250,177050
20240117,12:14:43,33.7,500,177050
20240117,12:14:55,33.85,800,177050
20240117,12:15:08,33.95,1050,177050
20240117,12:15:18,33.8,100,181450
20240117,12:15:29,33.95,350,181450
20240117,12:15:39,33.6,50,181450
20240117,12:15:50,33.55,400,181450
20240117,12:16:01,33.7,650,181450
20240117,12:16:11,33.6,300,181450
20240117,12:16:20,33.9,50,181450
20240117,12:16:30,33.8,200,181450
20240117,12:16:41,34.4,600,181450
20240117,12:17:03,34.15,50,181450
20240117,12:17:13,34.1,450,181450
20240117,12:17:34,33.8,550,181450
20240117,12:17:54,34.1,150,181450
20240117,12:18:25,34.4,100,183200
20240117,12:18:35,34.5,200,183200
20240117,12:19:25,34.6,50,183200
20240117,12:19:52,34.5,100,183200
20240117,12:20:02,34.25,100,183200
20240117,12:20:12,34.0,200,183200
20240117,12:20:22,33.95,50,183200
20240117,12:20:33,33.7,850,183200
20240117,12:20:43,33.6,50,183200
20240117,12:20:52,33.3,500,183200
20240117,12:21:37,32.9,300,184100
20240117,12:22:32,32.95,200,184100
20240117,12:22:50,33.0,500,184100
20240117,12:23:08,33.0,300,184100
