date,time,tick_price,volume,open_interest
20231128,09:38:35,13.95,50,100
20231128,09:39:59,13.95,50,100
20231128,10:29:36,13.95,400,100
20231128,10:31:13,13.95,400,500
20231128,10:33:07,13.95,250,900
20231129,09:29:19,11.65,1,1050
20231129,09:29:19,11.65,200,1050
20231129,09:38:46,11.85,200,1100
20231215,11:43:27,2.3,1,1300
20231215,11:43:27,2.3,550,1300
20231215,11:51:25,3.05,50,1850
20231215,12:01:25,3.05,50,1800
20231215,12:05:48,3.05,500,1800
20231222,12:30:36,2.7,1,1800
20231222,12:30:36,2.7,150,1800
20231222,12:30:44,2.9,1500,1800
20231222,12:33:32,2.9,250,1300
20231222,12:35:37,2.9,250,1300
20231226,09:49:58,2.9,1,1800
20231226,09:49:58,2.9,200,1800
20231226,10:26:39,2.75,100,2000
20231226,10:40:39,2.75,100,1900
20231226,11:44:57,3.0,100,1800
20231226,11:46:54,3.0,100,1800
20231227,13:02:07,2.55,1,1900
20231227,13:02:07,2.55,50,1900
20231227,13:04:29,2.35,400,1900
20231227,13:06:41,2.35,50,1500
20231227,13:11:59,2.4,250,1500
20231227,13:14:41,2.3,50,1750
20231227,13:35:26,2.3,50,1750
20231227,13:37:06,2.4,50,1750
20231227,13:38:51,2.4,150,1750
20231227,13:43:52,2.2,50,1900
20231227,13:58:59,2.8,1250,1900
20231227,13:58:59,2.2,1250,1900
20231227,14:01:09,2.3,250,2650
20231227,14:02:17,2.25,450,2650
20231227,14:04:36,2.1,250,2650
20231227,14:28:51,2.1,50,2500
20231227,14:44:25,2.6,200,2550
20231227,14:45:58,2.55,100,2750
20231227,14:46:32,2.55,100,2750
20231227,14:49:38,2.6,50,2550
20231227,15:20:08,2.6,100,2550
20231227,15:28:44,2.6,50,2650
20231228,09:15:15,2.65,1,2650
20231228,09:15:15,2.65,50,2650
20231228,09:22:44,2.85,50,2700
20231228,09:23:10,2.85,150,2700
20231228,09:32:07,2.85,100,2900
20231228,09:36:19,2.05,100,3000
20231228,09:36:59,2.0,100,3000
20231228,09:37:55,2.0,50,3000
20231228,09:42:12,2.2,50,3050
20231228,09:44:48,1.65,150,3050
20231228,09:53:33,1.65,600,2900
20231228,09:54:37,1.85,300,2900
20231228,10:01:18,1.9,100,3200
20231228,10:02:40,1.9,400,3200
20231228,10:06:44,2.0,150,3700
20231228,10:10:09,1.65,50,3700
20231228,10:19:32,1.75,250,3700
20231228,10:20:13,1.75,250,3700
20231228,10:21:35,1.75,250,3800
20231228,10:28:45,1.75,250,4050
20231228,10:30:06,1.75,200,4050
20231228,10:30:35,1.8,150,4300
20231228,10:30:42,1.8,50,4300
20231228,10:58:41,1.7,500,4550
20231228,10:58:47,1.7,400,4550
20231228,11:06:31,1.6,1150,5450
20231228,11:10:06,1.6,250,6600
20231228,11:10:46,1.65,200,6600
20231228,11:16:58,1.7,50,7050
20231228,11:28:17,1.7,250,7100
20231228,11:32:43,1.7,300,7350
20231228,11:33:56,1.75,300,7650
20231228,11:38:04,1.7,450,7950
20231228,11:38:24,1.7,150,7950
20231228,11:39:03,1.7,450,7950
20231228,11:39:20,1.7,900,9000
20231228,12:46:05,1.8,150,9900
20231228,12:47:17,1.5,150,9900
20231228,12:48:39,1.5,50,9950
20231228,12:49:08,1.8,100,9950
20231228,12:50:16,1.8,50,9950
20231228,12:53:24,1.55,50,10100
20231228,13:42:50,1.2,200,10100
20231228,14:10:24,1.2,50,10100
20231228,14:10:39,1.45,50,10100
20231228,14:21:59,1.6,1900,10100
20231228,14:22:55,1.55,100,10100
20231228,14:24:23,1.55,100,10100
20231228,14:29:50,1.55,100,11600
20231228,14:36:22,1.6,400,11500
20231228,14:50:15,1.45,250,11500
20231228,14:51:22,1.45,250,11500
20231228,14:53:34,1.45,250,11500
20231228,14:56:10,1.45,250,11500
20231228,14:57:46,1.45,250,11500
20231228,14:58:43,1.6,1100,11500
20231228,14:58:48,1.6,100,11500
20231228,15:05:40,1.6,300,11400
20231228,15:06:07,1.6,700,11400
20231228,15:06:27,1.6,100,11400
20231228,15:07:10,1.6,800,11400
20231228,15:09:09,1.6,1050,11400
20231228,15:09:15,1.65,2200,11400
20231228,15:09:31,1.7,1050,11400
20231228,15:09:41,1.7,250,10450
20231228,15:10:44,1.75,100,10450
20231228,15:11:36,1.95,250,10450
20231228,15:11:40,1.7,50,10450
20231228,15:15:05,1.65,200,10450
20231228,15:18:21,1.6,400,10550
20231228,15:24:32,1.55,100,10600
20231228,15:25:02,1.5,100,10600
20231228,15:28:05,1.65,100,10550
20231229,09:15:02,1.65,1,10550
20231229,09:15:02,1.65,100,10550
20231229,09:15:06,1.7,550,10550
20231229,09:15:14,1.35,650,10550
20231229,09:15:14,1.35,100,10550
20231229,09:15:15,1.25,150,10550
20231229,09:15:18,1.25,50,10550
20231229,09:15:23,1.25,50,10550
20231229,09:15:24,1.25,1750,10550
20231229,09:15:37,1.25,300,10550
20231229,09:15:40,1.25,50,10550
20231229,09:15:48,1.25,550,10550
20231229,09:15:52,1.25,50,10550
20231229,09:16:00,1.2,550,10550
20231229,09:16:02,1.2,800,10550
20231229,09:16:12,1.3,250,10550
20231229,09:16:32,1.2,250,10550
20231229,09:16:33,1.2,50,10550
20231229,09:16:41,1.25,50,10550
20231229,09:17:08,1.25,250,11600
20231229,09:17:19,1.25,50,11600
20231229,09:17:29,1.25,250,11600
20231229,09:17:31,1.25,650,11600
20231229,09:17:32,1.25,250,11600
20231229,09:17:38,1.25,400,11600
20231229,09:18:01,1.25,50,11600
20231229,09:18:11,1.25,100,11600
20231229,09:18:37,1.25,300,11600
20231229,09:19:12,1.3,700,11600
20231229,09:19:13,1.6,1800,11600
20231229,09:19:23,1.45,150,11600
20231229,09:19:31,1.35,400,11600
20231229,09:19:43,1.35,150,11600
20231229,09:21:14,1.35,400,11600
20231229,09:21:42,1.35,50,13250
20231229,09:21:48,1.35,600,13250
20231229,09:22:10,1.4,150,13250
20231229,09:22:11,1.4,900,13250
20231229,09:22:12,1.4,250,13250
20231229,09:22:13,1.35,250,13250
20231229,09:22:24,1.4,250,13250
20231229,09:22:25,1.35,250,13250
20231229,09:22:37,1.35,100,13250
20231229,09:22:43,1.4,50,13250
20231229,09:22:51,1.35,200,13250
20231229,09:22:53,1.35,200,13250
20231229,09:22:55,1.35,150,13250
20231229,09:23:22,1.3,850,14950
20231229,09:23:34,1.3,100,14950
20231229,09:23:49,1.35,200,14950
20231229,09:24:17,1.3,1600,14950
20231229,09:24:22,1.3,300,14950
20231229,09:24:48,1.3,500,14950
20231229,09:25:38,1.3,500,14950
20231229,09:25:41,1.3,100,14950
20231229,09:27:25,1.25,650,14950
20231229,09:27:33,1.25,250,16400
20231229,09:27:38,1.25,50,16400
20231229,09:27:49,1.2,50,16400
20231229,09:28:42,1.2,650,16400
20231229,09:28:47,1.2,1800,16400
20231229,09:28:51,1.25,50,16400
20231229,09:29:08,1.25,100,16550
20231229,09:29:37,1.2,500,16550
20231229,09:31:22,1.2,250,16550
20231229,09:31:23,1.15,50,16550
20231229,09:31:44,1.15,250,16550
20231229,09:31:49,1.05,3050,16550
20231229,09:31:56,1.15,500,16550
20231229,09:32:21,1.2,50,15600
20231229,09:32:45,1.2,50,15600
20231229,09:32:55,1.15,50,15600
20231229,09:34:01,1.15,50,15600
20231229,09:35:35,1.2,50,15550
20231229,09:37:40,1.2,50,15550
20231229,09:37:48,1.2,50,15550
20231229,09:38:57,1.2,50,15550
20231229,09:39:12,1.2,1750,15550
20231229,09:39:30,1.15,1100,15550
20231229,09:39:49,1.15,1000,15550
20231229,09:39:50,1.15,350,15550
20231229,09:39:51,1.1,350,15550
20231229,09:40:02,1.15,50,15550
20231229,09:44:20,1.1,50,15550
20231229,09:44:36,1.1,1100,16900
20231229,09:45:38,1.05,2200,16900
20231229,09:45:45,1.05,100,16900
20231229,09:46:19,1.0,1250,16900
20231229,09:47:03,1.0,2200,16900
20231229,09:47:21,1.0,50,16900
20231229,09:47:57,1.0,150,18250
20231229,09:48:52,1.0,50,18250
20231229,09:50:06,1.0,50,18250
20231229,09:50:56,1.0,100,18250
20231229,09:51:02,0.95,150,18250
20231229,09:52:08,0.95,500,18250
20231229,09:52:09,0.9,550,18250
20231229,09:52:15,0.95,100,18250
20231229,09:52:16,0.95,1350,18250
20231229,09:55:51,1.0,50,16700
20231229,09:56:06,1.0,50,16700
20231229,09:58:13,0.95,50,16700
20231229,09:58:18,1.0,50,16700
20231229,09:58:25,0.95,100,16700
20231229,09:58:46,1.0,50,16700
20231229,09:59:27,1.0,50,16700
20231229,09:59:50,1.0,100,16700
20231229,10:01:09,0.95,50,16700
20231229,10:01:45,1.0,500,16700
20231229,10:03:45,1.0,50,16700
20231229,10:06:50,0.95,500,17350
20231229,10:07:26,1.0,50,17400
20231229,10:07:55,1.0,50,17400
20231229,10:08:23,0.95,250,17400
20231229,10:09:55,0.95,1750,17400
20231229,10:10:48,0.95,100,17400
20231229,10:11:13,0.95,250,17400
20231229,10:11:27,1.0,50,17400
20231229,10:11:46,1.0,50,15400
20231229,10:12:01,1.0,100,15400
20231229,10:12:02,1.0,50,15400
20231229,10:12:05,0.95,800,15400
20231229,10:12:06,0.95,50,15400
20231229,10:12:37,0.9,550,15400
20231229,10:13:55,0.95,1500,15400
20231229,10:18:05,0.95,50,15400
20231229,10:18:18,0.95,2300,16050
20231229,10:18:45,0.95,50,16050
20231229,10:18:46,0.95,400,16050
20231229,10:18:54,0.95,1000,16050
20231229,10:19:27,0.95,2200,16050
20231229,10:19:44,0.95,2100,16050
20231229,10:20:03,0.9,4400,16050
20231229,10:20:28,0.9,300,27750
20231229,10:20:42,0.9,2600,27750
20231229,10:20:46,0.9,250,27750
20231229,10:20:47,0.9,50,27750
20231229,10:21:31,0.9,250,27750
20231229,10:21:41,0.9,250,27750
20231229,10:21:42,0.9,500,27750
20231229,10:21:43,0.9,850,27750
20231229,10:21:56,0.9,600,27750
20231229,10:21:59,0.9,150,27750
20231229,10:22:01,0.9,250,27750
20231229,10:22:08,0.9,500,27750
20231229,10:22:25,0.95,350,27750
20231229,10:23:11,0.9,800,27750
20231229,10:23:20,0.95,500,27750
20231229,10:23:21,0.95,250,33250
20231229,10:23:24,0.95,500,33250
20231229,10:23:52,0.95,300,33250
20231229,10:23:54,0.95,250,33250
20231229,10:24:32,0.95,50,33250
20231229,10:25:25,0.95,1800,33250
20231229,10:25:33,0.95,1450,33250
20231229,10:25:33,1.0,1800,33250
20231229,10:25:37,1.0,1850,33250
20231229,10:25:39,1.0,2500,33250
20231229,10:25:49,1.05,1800,33250
20231229,10:25:55,1.05,1800,33250
20231229,10:25:56,1.05,550,33250
20231229,10:26:05,1.1,1800,33250
20231229,10:26:06,1.1,2600,33250
20231229,10:26:09,1.15,1700,33250
20231229,10:26:10,1.2,3200,33250
20231229,10:26:12,1.2,50,33250
20231229,10:26:13,1.2,50,33250
20231229,10:26:17,1.2,1750,33250
20231229,10:26:17,1.4,11050,42100
20231229,10:26:18,1.25,350,42100
20231229,10:26:20,1.35,100,42100
20231229,10:26:23,1.3,250,42100
20231229,10:26:28,1.25,1800,42100
20231229,10:26:30,1.25,1800,42100
20231229,10:26:31,1.3,400,42100
20231229,10:26:33,1.25,400,42100
20231229,10:26:35,1.2,2300,42100
20231229,10:26:37,1.2,1550,42100
20231229,10:26:41,1.2,650,42100
20231229,10:26:57,1.15,5550,42100
20231229,10:26:57,1.15,50,42100
20231229,10:27:10,1.1,5700,42100
20231229,10:27:13,1.1,50,42100
20231229,10:27:19,1.1,1800,42100
20231229,10:27:21,1.1,1800,42100
20231229,10:27:23,1.1,1800,42100
20231229,10:27:24,1.1,2650,42100
20231229,10:27:33,1.15,500,42100
20231229,10:27:38,1.15,200,42100
20231229,10:27:41,1.15,550,42100
20231229,10:27:45,1.15,500,42100
20231229,10:27:48,1.15,500,42100
20231229,10:27:49,1.15,1800,42100
20231229,10:27:51,1.15,550,42100
20231229,10:27:59,1.15,550,42100
20231229,10:28:01,1.15,350,42100
20231229,10:28:01,1.15,50,42100
20231229,10:28:07,1.2,3600,42100
20231229,10:28:34,1.2,1800,42100
20231229,10:28:48,1.15,700,42100
20231229,10:29:30,1.2,50,42100
20231229,10:29:40,1.15,150,73500
20231229,10:29:49,1.15,50,73500
20231229,10:29:50,1.15,50,73500
20231229,10:29:51,1.15,50,73500
20231229,10:29:52,1.15,50,73500
20231229,10:29:53,1.15,50,73500
20231229,10:30:11,1.15,50,73500
20231229,10:30:17,1.2,1800,73500
20231229,10:30:24,1.15,1600,73500
20231229,10:31:18,1.2,1800,73500
20231229,10:31:19,1.2,1800,73500
20231229,10:31:20,1.2,50,73500
20231229,10:31:33,1.15,400,73500
20231229,10:31:43,1.15,1800,73500
20231229,10:31:44,1.15,700,73500
20231229,10:31:50,1.15,1200,73500
20231229,10:32:12,1.1,7200,73500
20231229,10:32:13,1.1,50,73500
20231229,10:32:16,1.1,50,73500
20231229,10:32:29,1.1,50,73500
20231229,10:32:29,1.1,250,81500
20231229,10:32:30,1.1,1800,81500
20231229,10:32:31,1.1,50,81500
20231229,10:32:34,1.1,1500,81500
20231229,10:32:40,1.05,500,81500
20231229,10:32:48,1.1,250,81500
20231229,10:32:49,1.1,50,81500
20231229,10:32:56,1.1,2150,81500
20231229,10:32:58,1.1,1800,81500
20231229,10:33:03,1.1,1800,81500
20231229,10:33:14,1.1,100,81500
20231229,10:33:19,1.1,2100,81500
20231229,10:33:20,1.05,50,81500
20231229,10:33:38,1.1,1200,81500
20231229,10:33:44,1.15,1800,81500
20231229,10:33:45,1.1,1000,81500
20231229,10:33:58,1.1,400,81500
20231229,10:34:14,1.15,1050,81500
20231229,10:34:18,1.15,50,81500
20231229,10:34:28,1.15,1750,81500
20231229,10:34:55,1.15,1800,81500
20231229,10:35:17,1.15,1800,81500
20231229,10:35:35,1.1,50,86500
20231229,10:35:47,1.1,1000,86500
20231229,10:35:53,1.15,1800,86500
20231229,10:36:44,1.15,3600,86500
20231229,10:37:36,1.2,1800,86500
20231229,10:37:45,1.2,1800,86500
20231229,10:37:55,1.15,350,86500
20231229,10:38:14,1.2,1800,86500
20231229,10:38:16,1.2,50,86500
20231229,10:38:42,1.25,1800,95600
20231229,10:40:06,1.2,1800,95600
20231229,10:40:10,1.2,1800,95600
20231229,10:40:13,1.2,50,95600
20231229,10:40:14,1.2,1850,95600
20231229,10:40:20,1.25,1800,95600
20231229,10:40:23,1.25,400,95600
20231229,10:40:26,1.3,3600,95600
20231229,10:40:40,1.3,100,95600
20231229,10:40:46,1.3,1800,95600
20231229,10:40:47,1.25,50,95600
20231229,10:40:48,1.25,6750,95600
20231229,10:40:55,1.25,250,95600
20231229,10:41:04,1.25,850,95600
20231229,10:41:10,1.2,1500,95600
20231229,10:41:11,1.25,950,95600
20231229,10:41:16,1.25,50,95600
20231229,10:41:17,1.2,500,95600
20231229,10:41:22,1.25,3600,109100
20231229,10:41:32,1.25,1800,109100
20231229,10:41:43,1.2,3000,109100
20231229,10:42:01,1.2,750,109100
20231229,10:42:02,1.2,1050,109100
20231229,10:42:05,1.2,50,109100
20231229,10:42:07,1.2,1850,109100
20231229,10:42:09,1.25,2400,109100
20231229,10:42:10,1.25,1800,109100
20231229,10:42:13,1.25,1800,109100
20231229,10:42:18,1.2,100,109100
20231229,10:42:35,1.25,900,109100
20231229,10:42:36,1.25,1600,109100
20231229,10:42:37,1.3,1800,109100
20231229,10:42:41,1.25,50,109100
20231229,10:42:42,1.25,250,109100
20231229,10:42:45,1.25,1800,109100
20231229,10:42:48,1.25,1800,109100
20231229,10:42:58,1.25,50,109100
20231229,10:43:12,1.25,1800,109100
20231229,10:43:14,1.25,1800,109100
20231229,10:43:15,1.25,1800,109100
20231229,10:43:16,1.25,1700,109100
20231229,10:43:17,1.3,1800,109100
20231229,10:43:18,1.3,50,109100
20231229,10:43:22,1.3,50,109100
20231229,10:43:25,1.25,50,109100
20231229,10:43:29,1.25,1800,109100
20231229,10:43:36,1.25,2250,109100
20231229,10:43:57,1.3,3600,109100
20231229,10:44:06,1.25,50,109100
20231229,10:44:10,1.3,50,109100
20231229,10:44:16,1.3,50,109100
20231229,10:44:27,1.25,2800,126600
20231229,10:44:28,1.3,50,126600
20231229,10:44:30,1.3,1800,126600
20231229,10:44:31,1.3,1800,126600
20231229,10:44:33,1.3,1300,126600
20231229,10:44:35,1.3,850,126600
20231229,10:44:42,1.3,500,126600
20231229,10:44:52,1.3,2200,126600
20231229,10:45:04,1.3,1800,126600
20231229,10:45:05,1.3,1400,126600
20231229,10:45:12,1.3,1900,126600
20231229,10:45:16,1.3,50,126600
20231229,10:45:38,1.25,3000,126600
20231229,10:45:51,1.25,250,126600
20231229,10:46:07,1.3,1800,126600
20231229,10:46:14,1.3,1800,126600
20231229,10:46:36,1.25,2700,126600
20231229,10:46:43,1.25,1800,126600
20231229,10:46:49,1.25,1800,126600
20231229,10:47:19,1.2,1200,137150
20231229,10:47:22,1.2,300,137150
20231229,10:47:37,1.2,300,137150
20231229,10:48:16,1.15,2600,137150
20231229,10:48:28,1.1,50,137150
20231229,10:48:32,1.1,5950,137150
20231229,10:48:33,1.05,50,137150
20231229,10:48:35,1.1,50,137150
20231229,10:48:51,1.05,300,137150
20231229,10:49:02,1.1,500,137150
20231229,10:49:11,1.1,1100,137150
20231229,10:49:15,1.1,500,137150
20231229,10:49:18,1.1,500,137150
20231229,10:49:20,1.05,250,137150
20231229,10:49:21,1.05,250,137150
20231229,10:49:22,1.05,1250,137150
20231229,10:49:29,1.05,250,137150
20231229,10:49:37,1.05,600,137150
20231229,10:49:40,1.05,1850,137150
20231229,10:49:54,1.05,50,137150
20231229,10:50:16,1.05,450,137150
20231229,10:50:26,1.05,50,137150
20231229,10:50:26,1.05,350,146250
20231229,10:50:27,1.05,150,146250
20231229,10:50:28,1.05,200,146250
20231229,10:50:29,1.05,250,146250
20231229,10:50:36,1.05,50,146250
20231229,10:50:36,1.05,500,146250
20231229,10:50:37,1.05,150,146250
20231229,10:50:38,1.05,350,146250
20231229,10:50:39,1.05,1700,146250
20231229,10:50:40,1.0,1100,146250
20231229,10:50:41,1.0,550,146250
20231229,10:50:42,1.0,550,146250
20231229,10:50:43,1.0,500,146250
20231229,10:50:45,1.0,500,146250
20231229,10:51:33,1.05,1800,146250
20231229,10:51:34,1.05,750,146250
20231229,10:53:29,1.1,1050,144400
20231229,10:53:45,1.1,50,144400
20231229,10:54:00,1.1,50,144400
20231229,10:54:03,1.1,50,144400
20231229,10:54:05,1.15,50,144400
20231229,10:54:31,1.05,2500,144400
20231229,10:54:40,1.1,50,144400
20231229,10:54:50,1.1,800,144400
20231229,10:54:53,1.1,250,144400
20231229,10:54:54,1.1,250,144400
20231229,10:54:55,1.1,500,144400
20231229,10:54:56,1.1,500,144400
20231229,10:54:57,1.1,250,144400
20231229,10:54:58,1.1,250,144400
20231229,10:54:59,1.1,250,144400
20231229,10:55:00,1.1,250,144400
20231229,10:55:11,1.1,350,144400
20231229,10:55:12,1.15,500,144400
20231229,10:55:14,1.15,550,144400
20231229,10:55:16,1.15,300,144400
20231229,10:55:17,1.1,850,144400
20231229,10:55:17,1.15,550,144400
20231229,10:55:27,1.15,550,144400
20231229,10:55:42,1.15,500,144400
20231229,10:56:04,1.15,250,144400
20231229,10:56:05,1.15,800,144400
20231229,10:56:06,1.15,500,144400
20231229,10:56:07,1.15,550,144400
20231229,10:56:37,1.15,50,144400
20231229,10:56:50,1.15,50,151550
20231229,10:57:32,1.1,300,151550
20231229,10:57:38,1.1,850,151550
20231229,10:57:59,1.1,50,151550
20231229,10:59:18,1.15,1000,151550
20231229,11:02:25,1.15,50,150350
20231229,11:02:29,1.1,250,150350
20231229,11:02:34,1.1,250,150350
20231229,11:02:40,1.1,1000,150350
20231229,11:02:40,1.1,300,150350
20231229,11:02:44,1.05,250,150350
20231229,11:02:45,1.05,250,150350
20231229,11:02:47,1.05,250,150350
20231229,11:02:48,1.05,250,150350
20231229,11:02:49,1.05,500,150350
20231229,11:02:50,1.05,500,150350
20231229,11:02:54,1.05,550,150350
20231229,11:02:56,1.05,500,150350
20231229,11:03:00,1.05,500,150350
20231229,11:03:01,1.05,1500,150350
20231229,11:03:02,1.05,1000,150350
20231229,11:03:04,1.05,750,150350
20231229,11:03:13,1.1,50,150350
20231229,11:12:48,1.05,50,150350
20231229,11:12:53,1.05,50,148850
20231229,11:12:55,1.1,50,148850
20231229,11:17:32,1.05,50,148850
20231229,11:17:35,1.05,50,148850
20231229,11:17:43,1.05,1250,148850
20231229,11:17:55,1.1,50,148850
20231229,11:18:17,1.1,100,148850
20231229,11:18:31,1.05,50,148850
20231229,11:18:32,1.1,50,148850
20231229,11:21:05,1.05,1000,149600
20231229,11:21:08,1.05,150,149600
20231229,11:23:44,1.0,1850,150650
20231229,11:23:49,1.0,50,150650
20231229,11:24:10,1.0,50,150650
20231229,11:24:11,1.0,50,150650
20231229,11:24:16,1.0,50,150650
20231229,11:24:27,1.05,50,150650
20231229,11:24:30,1.05,50,150650
20231229,11:24:50,1.05,50,150650
20231229,11:24:52,1.05,50,150650
20231229,11:25:02,1.05,50,150650
20231229,11:25:05,1.05,450,150650
20231229,11:25:07,1.05,50,150650
20231229,11:25:11,1.05,600,150650
20231229,11:25:13,1.05,50,150650
20231229,11:25:58,1.05,50,150650
20231229,11:25:59,1.05,50,150650
20231229,11:26:05,1.0,50,150650
20231229,11:26:34,1.0,50,151150
20231229,11:26:44,1.05,900,151150
20231229,11:26:45,1.1,50,151150
20231229,11:26:46,1.05,250,151150
20231229,11:27:13,1.0,50,151150
20231229,11:27:35,1.05,200,151150
20231229,11:28:50,1.05,250,151150
20231229,11:28:51,1.05,500,151150
20231229,11:28:52,1.05,500,151150
20231229,11:28:53,1.05,750,151150
20231229,11:28:54,1.05,750,151150
20231229,11:28:55,1.05,750,151150
20231229,11:28:56,1.05,2350,151150
20231229,11:28:59,1.1,250,151150
20231229,11:29:00,1.1,500,151150
20231229,11:29:09,1.1,500,151150
20231229,11:29:10,1.1,550,151150
20231229,11:29:11,1.1,500,151150
20231229,11:29:12,1.1,2350,151150
20231229,11:29:14,1.1,800,151150
20231229,11:29:18,1.1,50,151150
20231229,11:29:29,1.15,250,151150
20231229,11:29:29,1.1,700,152050
20231229,11:29:32,1.15,50,152050
20231229,11:29:52,1.15,250,152050
20231229,11:29:54,1.1,50,152050
20231229,11:29:58,1.1,1550,152050
20231229,11:31:06,1.1,250,152050
20231229,11:32:46,1.05,50,152050
20231229,11:32:52,1.05,1800,151350
20231229,11:32:54,1.05,650,151350
20231229,11:33:24,1.05,50,151350
20231229,11:33:25,1.05,150,151350
20231229,11:33:31,1.05,50,151350
20231229,11:33:40,1.05,250,151350
20231229,11:34:03,1.1,1700,151350
20231229,11:34:15,1.05,600,151350
20231229,11:34:19,1.05,500,151350
20231229,11:34:27,1.05,500,151350
20231229,11:34:29,1.05,250,151350
20231229,11:34:41,1.05,300,151350
20231229,11:35:00,1.1,50,151350
20231229,11:35:16,1.05,1700,151350
20231229,11:37:19,1.1,50,150000
20231229,11:38:02,1.05,1000,150000
20231229,11:38:05,1.05,50,150000
20231229,11:38:11,1.05,400,150000
20231229,11:39:02,1.05,650,149150
20231229,11:39:03,1.05,600,149150
20231229,11:39:05,1.05,50,149150
20231229,11:41:12,1.05,1000,149150
20231229,11:42:47,1.1,50,149100
20231229,11:44:49,1.05,200,149100
20231229,11:44:49,1.05,100,149100
20231229,11:44:50,1.05,200,149100
20231229,11:44:51,1.05,200,149100
20231229,11:44:52,1.05,400,149100
20231229,11:44:54,1.05,350,149100
20231229,11:44:54,1.0,500,149100
20231229,11:44:55,1.0,500,149100
20231229,11:44:56,1.0,250,149100
20231229,11:44:57,1.0,300,149100
20231229,11:44:58,1.0,500,149100
20231229,11:44:59,1.0,250,149100
20231229,11:45:00,1.05,1700,149100
20231229,11:45:12,1.0,500,149100
20231229,11:45:15,1.0,500,149100
20231229,11:45:16,1.0,500,149100
20231229,11:45:16,1.0,1000,149100
20231229,11:45:17,1.0,1000,149100
20231229,11:45:21,1.0,1000,149100
20231229,11:45:26,1.0,400,149100
20231229,11:45:28,1.0,150,149100
20231229,11:46:12,1.0,50,149100
20231229,11:48:20,1.0,50,148900
20231229,11:48:54,1.0,850,148900
20231229,11:49:09,1.0,1550,148900
20231229,11:49:40,1.0,50,148900
20231229,11:55:10,1.0,350,148900
20231229,12:03:18,1.05,50,148900
20231229,12:03:50,1.05,650,148900
20231229,12:04:52,1.05,50,148900
20231229,12:05:47,1.05,50,149250
20231229,12:09:43,1.05,750,149300
20231229,12:09:44,1.05,2600,149300
20231229,12:09:49,1.0,3300,149300
20231229,12:09:53,1.1,250,149300
20231229,12:10:04,1.1,500,149300
20231229,12:10:05,1.1,500,149300
20231229,12:10:11,1.1,500,149300
20231229,12:10:12,1.05,800,149300
20231229,12:10:13,1.05,250,149300
20231229,12:10:15,1.1,500,149300
20231229,12:10:22,1.1,500,149300
20231229,12:10:55,1.05,250,149300
20231229,12:10:56,1.1,550,149300
20231229,12:11:01,1.1,250,149300
20231229,12:11:02,1.05,250,149300
20231229,12:11:03,1.1,650,149300
20231229,12:11:23,1.1,300,149300
20231229,12:11:43,1.1,250,149300
20231229,12:13:21,1.05,4350,152200
20231229,12:13:56,1.05,1800,152200
20231229,12:13:58,1.05,150,152200
20231229,12:14:25,1.1,50,152200
20231229,12:14:28,1.05,1000,152200
20231229,12:14:58,1.05,1700,158700
20231229,12:15:45,1.05,1800,158700
20231229,12:16:00,1.05,50,158700
20231229,12:16:05,1.05,100,158700
20231229,12:16:27,1.05,1800,158700
20231229,12:16:27,1.05,10200,158700
20231229,12:16:30,1.05,700,158700
20231229,12:16:34,1.1,1800,158700
20231229,12:16:48,1.1,1800,158700
20231229,12:17:00,1.05,1000,158700
20231229,12:17:05,1.1,250,158700
20231229,12:17:16,1.1,1800,158700
20231229,12:17:30,1.1,1800,158700
20231229,12:18:35,1.1,1200,173650
20231229,12:18:40,1.1,50,173650
20231229,12:19:25,1.1,800,173650
20231229,12:19:44,1.1,200,173650
20231229,12:19:55,1.15,800,173650
20231229,12:20:07,1.15,2700,173650
20231229,12:20:22,1.2,1800,173650
20231229,12:20:23,1.2,4750,173650
20231229,12:20:24,1.2,1800,173650
20231229,12:20:25,1.2,1800,173650
20231229,12:20:30,1.2,2550,173650
20231229,12:20:40,1.2,1000,174000
20231229,12:20:45,1.25,50,174000
20231229,12:20:47,1.2,500,174000
20231229,12:20:51,1.2,400,174000
20231229,12:21:04,1.2,750,174000
20231229,12:21:05,1.2,300,174000
20231229,12:21:16,1.15,800,174000
20231229,12:21:45,1.15,750,174000
20231229,12:21:46,1.15,450,174000
20231229,12:22:21,1.2,1800,174000
20231229,12:23:14,1.15,500,174000
20231229,12:23:22,1.15,500,174000
20231229,12:23:29,1.15,1850,174000
20231229,12:24:00,1.15,500,174000
20231229,12:24:04,1.15,1800,176350
20231229,12:24:05,1.15,3000,176350
20231229,12:24:06,1.15,1800,176350
20231229,12:24:07,1.15,300,176350
20231229,12:24:08,1.15,750,176350
20231229,12:24:10,1.2,650,176350
20231229,12:24:28,1.2,800,176350
20231229,12:25:21,1.15,400,176350
20231229,12:25:28,1.15,400,176350
20231229,12:25:35,1.15,300,176350
20231229,12:25:42,1.15,1800,176350
20231229,12:25:50,1.15,2100,176350
20231229,12:25:51,1.15,5500,176350
20231229,12:25:56,1.1,500,176350
20231229,12:25:59,1.1,500,176350
20231229,12:26:29,1.1,500,176350
20231229,12:26:37,1.1,500,178450
20231229,12:26:46,1.1,200,178450
20231229,12:26:54,1.15,50,178450
20231229,12:28:54,1.15,200,178450
20231229,12:29:17,1.1,5100,178450
20231229,12:29:18,1.1,50,178450
20231229,12:29:48,1.05,50,183900
20231229,12:30:15,1.05,650,183900
20231229,12:31:05,1.05,700,183900
20231229,12:31:26,1.1,50,183900
20231229,12:31:42,1.05,50,183900
20231229,12:31:44,1.05,900,183900
20231229,12:31:45,1.05,100,183900
20231229,12:31:47,1.05,1000,183900
20231229,12:34:51,1.05,650,183900
20231229,12:35:33,1.0,200,184650
20231229,12:41:47,1.05,50,184850
20231229,12:42:16,1.05,250,184850
20231229,12:42:20,1.05,450,184850
20231229,12:42:23,1.0,250,184850
20231229,12:42:24,1.0,250,184850
20231229,12:42:25,1.0,250,184850
20231229,12:42:26,1.0,1900,184850
20231229,12:42:27,0.95,550,184850
20231229,12:42:28,0.95,500,184850
20231229,12:42:29,0.95,750,184850
20231229,12:43:09,1.05,50,184850
20231229,12:44:03,1.05,400,184850
20231229,12:44:16,0.95,500,184850
20231229,12:44:18,0.95,550,184850
20231229,12:44:19,0.95,500,184850
20231229,12:44:20,0.95,550,184850
20231229,12:44:22,0.95,1000,184850
20231229,12:44:23,0.95,500,184850
20231229,12:44:25,1.0,650,184850
20231229,12:44:58,1.0,50,184850
20231229,12:45:49,1.05,100,184850
20231229,12:48:46,1.0,50,184850
20231229,12:48:49,1.05,50,184900
20231229,12:49:08,1.05,50,184900
20231229,12:49:57,1.05,50,184900
20231229,12:51:16,1.05,350,184850
20231229,12:51:43,1.0,1000,184850
20231229,12:53:16,1.0,1850,184850
20231229,12:54:13,0.95,50,184800
20231229,12:55:19,1.0,1300,184800
20231229,12:55:35,1.0,1200,184800
20231229,12:55:38,1.0,950,184800
20231229,12:55:43,1.0,50,184800
20231229,12:56:33,1.0,50,184800
20231229,12:56:48,1.0,50,184850
20231229,12:56:50,1.0,1150,184850
20231229,12:57:07,1.0,50,184850
20231229,12:57:09,1.0,850,184850
20231229,12:57:11,1.0,50,184850
20231229,12:58:13,1.0,50,184850
20231229,12:58:34,1.0,50,184850
20231229,12:58:45,1.0,200,184850
20231229,12:59:56,1.0,50,184650
20231229,13:00:23,0.95,50,184650
20231229,13:01:42,1.0,50,184650
20231229,13:01:45,1.0,50,184650
20231229,13:02:31,0.95,50,184650
20231229,13:02:55,1.0,100,184650
20231229,13:03:31,1.0,50,184650
20231229,13:04:00,1.0,50,184650
20231229,13:04:01,1.0,1050,184650
20231229,13:04:07,1.05,1150,184650
20231229,13:04:42,1.0,50,184650
20231229,13:05:21,1.05,50,184650
20231229,13:05:43,1.05,100,183600
20231229,13:05:44,1.05,50,183600
20231229,13:05:50,1.05,1800,183600
20231229,13:05:51,1.05,1800,183600
20231229,13:05:52,1.05,1850,183600
20231229,13:05:53,1.05,300,183600
20231229,13:05:54,1.05,50,183600
20231229,13:05:55,1.05,50,183600
20231229,13:06:25,1.05,50,183600
20231229,13:06:34,1.05,50,183600
20231229,13:07:00,1.05,50,183600
20231229,13:07:11,1.05,250,183600
20231229,13:07:31,1.05,300,183600
20231229,13:07:32,1.1,100,183600
20231229,13:07:33,1.1,50,183600
20231229,13:07:34,1.1,50,183600
20231229,13:07:39,1.05,250,183600
20231229,13:07:41,1.05,550,183600
20231229,13:07:52,1.05,1800,183600
20231229,13:07:54,1.05,1800,183600
20231229,13:09:59,1.1,50,183600
20231229,13:10:36,1.05,50,183700
20231229,13:10:45,1.05,850,183700
20231229,13:12:53,1.05,100,183700
20231229,13:13:44,1.1,50,183750
20231229,13:13:45,1.1,50,183750
20231229,13:13:54,1.1,1800,183750
20231229,13:13:55,1.1,1800,183750
20231229,13:13:56,1.1,1800,183750
20231229,13:13:58,1.1,1800,183750
20231229,13:13:59,1.1,1700,183750
20231229,13:14:03,1.1,1900,183750
20231229,13:15:38,1.1,1800,190100
20231229,13:16:21,1.1,1800,190100
20231229,13:16:22,1.1,1800,190100
20231229,13:16:23,1.1,2850,190100
20231229,13:16:30,1.1,1100,190100
20231229,13:16:36,1.1,100,190100
20231229,13:17:11,1.1,100,190100
20231229,13:17:27,1.1,150,190100
20231229,13:18:06,1.1,500,190100
20231229,13:18:08,1.1,150,189750
20231229,13:18:09,1.1,1500,189750
20231229,13:18:10,1.1,1500,189750
20231229,13:18:15,1.05,150,189750
20231229,13:18:21,1.05,200,189750
20231229,13:18:38,1.1,50,189750
20231229,13:19:17,1.1,100,189750
20231229,13:19:42,1.05,100,189750
20231229,13:20:38,1.1,50,189750
20231229,13:20:48,1.1,50,189750
20231229,13:20:55,1.1,50,189750
20231229,13:23:48,1.1,150,189750
20231229,13:27:58,1.1,50,189750
20231229,13:28:09,1.1,1800,189750
20231229,13:28:10,1.1,1800,189750
20231229,13:28:13,1.1,1800,189750
20231229,13:28:17,1.1,500,189750
20231229,13:28:17,1.1,50,189750
20231229,13:28:19,1.1,50,189750
20231229,13:28:56,1.1,250,189750
20231229,13:29:44,1.1,250,189750
20231229,13:29:52,1.15,100,190650
20231229,13:30:03,1.1,50,190650
20231229,13:30:05,1.1,250,190650
20231229,13:30:06,1.1,900,190650
20231229,13:30:13,1.1,750,190650
20231229,13:31:12,1.1,50,190650
20231229,13:33:41,1.1,50,190650
20231229,13:33:57,1.1,50,190700
20231229,13:35:06,1.05,100,190700
20231229,13:42:50,1.05,50,190700
20231229,13:43:17,1.05,350,190700
20231229,13:44:23,1.05,100,190700
20231229,13:45:32,1.05,50,190700
20231229,13:45:43,1.05,50,190800
20231229,13:47:10,1.1,250,190800
20231229,13:47:11,1.1,250,190800
20231229,13:47:43,1.05,150,190800
20231229,13:49:24,1.1,500,190800
20231229,13:49:27,1.1,250,190800
20231229,13:49:29,1.1,500,190800
20231229,13:49:30,1.1,250,190800
20231229,13:49:31,1.1,500,190800
20231229,13:49:32,1.05,1250,190800
20231229,13:49:33,1.1,250,190800
20231229,13:49:34,1.1,750,190800
20231229,13:49:35,1.1,1250,190800
20231229,13:49:36,1.1,550,190800
20231229,13:49:40,1.1,550,190800
20231229,13:50:07,1.15,500,190800
20231229,13:50:09,1.15,1800,190800
20231229,13:50:14,1.1,50,190800
20231229,13:50:15,1.1,50,190800
20231229,13:50:34,1.15,1800,190800
20231229,13:50:39,1.15,1800,190800
20231229,13:50:40,1.2,4550,190800
20231229,13:51:03,1.2,1800,198550
20231229,13:51:04,1.2,1800,198550
20231229,13:51:09,1.2,1800,198550
20231229,13:51:10,1.2,1800,198550
20231229,13:51:11,1.2,1800,198550
20231229,13:51:12,1.2,1800,198550
20231229,13:51:40,1.2,1800,198550
20231229,13:51:56,1.2,7300,198550
20231229,13:52:04,1.25,1800,198550
20231229,13:52:05,1.2,50,198550
20231229,13:52:12,1.25,1800,198550
20231229,13:52:15,1.2,1250,198550
20231229,13:52:15,1.2,50,198550
20231229,13:52:16,1.25,1800,198550
20231229,13:52:17,1.25,50,198550
20231229,13:52:18,1.2,50,198550
20231229,13:52:20,1.25,350,198550
20231229,13:52:44,1.25,1800,198550
20231229,13:52:47,1.25,950,198550
20231229,13:52:49,1.25,50,198550
20231229,13:53:06,1.25,50,198550
20231229,13:53:07,1.25,50,198550
20231229,13:53:24,1.3,1800,198550
20231229,13:53:27,1.3,250,198550
20231229,13:53:29,1.25,50,198550
20231229,13:53:34,1.3,750,198550
20231229,13:53:47,1.25,300,198550
20231229,13:53:59,1.3,800,218700
20231229,13:54:13,1.3,400,218700
20231229,13:54:14,1.3,6150,218700
20231229,13:54:21,1.35,50,218700
20231229,13:54:25,1.3,2850,218700
20231229,13:54:29,1.35,1700,218700
20231229,13:54:30,1.35,100,218700
20231229,13:54:31,1.35,1850,218700
20231229,13:54:33,1.35,900,218700
20231229,13:54:35,1.35,900,218700
20231229,13:54:41,1.35,700,218700
20231229,13:54:42,1.35,250,218700
20231229,13:54:54,1.35,250,218700
20231229,13:54:56,1.3,1800,218700
20231229,13:54:57,1.3,2750,218700
20231229,13:54:58,1.3,100,218700
20231229,13:55:07,1.25,1800,218700
20231229,13:55:08,1.25,2000,218700
20231229,13:55:20,1.25,1800,218700
20231229,13:55:28,1.25,50,218700
20231229,13:55:59,1.25,900,218700
20231229,13:56:16,1.25,50,218700
20231229,13:56:19,1.25,500,218700
20231229,13:56:32,1.25,1800,218700
20231229,13:56:35,1.3,50,218700
20231229,13:56:35,1.25,1800,218700
20231229,13:56:38,1.25,1800,218700
20231229,13:57:00,1.25,50,213050
20231229,13:57:21,1.25,600,213050
20231229,13:57:31,1.3,3300,213050
20231229,13:58:48,1.25,1800,213050
20231229,13:58:51,1.25,350,213050
20231229,13:58:52,1.25,250,213050
20231229,13:58:53,1.2,50,213050
20231229,13:58:54,1.2,50,213050
20231229,13:58:56,1.2,100,213050
20231229,13:58:58,1.2,50,213050
20231229,13:58:59,1.2,50,213050
20231229,13:59:00,1.2,50,213050
20231229,13:59:01,1.2,50,213050
20231229,13:59:02,1.25,250,213050
20231229,13:59:04,1.25,1550,213050
20231229,13:59:06,1.25,1450,213050
20231229,13:59:14,1.3,3600,213050
20231229,13:59:23,1.25,50,213050
20231229,13:59:46,1.25,3600,210950
20231229,13:59:49,1.25,100,210950
20231229,14:00:02,1.25,1800,210950
20231229,14:00:18,1.25,50,210950
20231229,14:01:06,1.25,50,210950
20231229,14:01:07,1.25,1500,210950
20231229,14:01:08,1.25,50,210950
20231229,14:02:43,1.25,300,210950
20231229,14:02:44,1.2,100,210950
20231229,14:02:46,1.2,50,207650
20231229,14:02:47,1.2,50,207650
20231229,14:02:59,1.2,1800,207650
20231229,14:03:01,1.2,100,207650
20231229,14:03:02,1.2,3700,207650
20231229,14:03:38,1.15,50,207650
20231229,14:04:00,1.2,50,207650
20231229,14:04:05,1.2,250,207650
20231229,14:04:06,1.2,500,207650
20231229,14:04:07,1.2,500,207650
20231229,14:04:09,1.2,800,207650
20231229,14:04:10,1.2,250,207650
20231229,14:04:10,1.2,500,207650
20231229,14:04:11,1.2,1000,207650
20231229,14:04:12,1.2,1300,207650
20231229,14:04:15,1.2,5150,207650
20231229,14:04:17,1.2,50,207650
20231229,14:04:22,1.25,1800,207650
20231229,14:04:50,1.2,1800,207650
20231229,14:04:58,1.25,50,207650
20231229,14:05:14,1.2,1800,207650
20231229,14:05:15,1.2,1900,207650
20231229,14:05:16,1.2,50,207650
20231229,14:05:59,1.2,250,203700
20231229,14:06:28,1.15,300,203700
20231229,14:06:28,1.15,500,203700
20231229,14:06:29,1.15,800,203700
20231229,14:06:30,1.15,1500,203700
20231229,14:06:31,1.15,1250,203700
20231229,14:06:33,1.15,1000,203700
20231229,14:06:34,1.15,1450,203700
20231229,14:06:35,1.15,50,203700
20231229,14:06:36,1.15,50,203700
20231229,14:06:47,1.15,300,203700
20231229,14:07:27,1.1,250,203700
20231229,14:07:29,1.1,250,203700
20231229,14:07:29,1.1,1000,203700
20231229,14:07:30,1.1,1050,203700
20231229,14:07:31,1.1,250,203700
20231229,14:07:32,1.1,1500,203700
20231229,14:07:33,1.1,1500,203700
20231229,14:07:34,1.1,2050,203700
20231229,14:07:35,1.1,1250,203700
20231229,14:08:52,1.15,1800,203700
20231229,14:08:54,1.15,1800,203050
20231229,14:08:57,1.15,50,203050
20231229,14:08:58,1.15,50,203050
20231229,14:09:03,1.15,100,203050
20231229,14:09:16,1.15,50,203050
20231229,14:09:42,1.15,1000,203050
20231229,14:09:43,1.2,500,203050
20231229,14:09:44,1.2,1000,203050
20231229,14:09:51,1.2,500,203050
20231229,14:10:05,1.2,500,203050
20231229,14:10:29,1.15,50,203050
20231229,14:10:30,1.2,50,203050
20231229,14:11:18,1.2,500,203050
20231229,14:11:20,1.15,50,203050
20231229,14:11:30,1.2,250,203050
20231229,14:11:30,1.15,250,203050
20231229,14:11:31,1.2,250,203050
20231229,14:11:33,1.2,500,203050
20231229,14:11:34,1.2,250,203050
20231229,14:11:35,1.2,550,203050
20231229,14:11:36,1.2,250,203050
20231229,14:11:37,1.2,500,203050
20231229,14:11:39,1.2,250,203050
20231229,14:11:40,1.2,500,203050
20231229,14:11:41,1.2,800,203050
20231229,14:11:48,1.15,50,203100
20231229,14:12:07,1.2,800,203100
20231229,14:12:08,1.2,50,203100
20231229,14:12:09,1.2,500,203100
20231229,14:13:01,1.15,100,203100
20231229,14:13:43,1.15,1800,203100
20231229,14:14:08,1.1,1800,203100
20231229,14:15:25,1.1,250,203100
20231229,14:15:26,1.1,250,203150
20231229,14:15:26,1.1,1250,203150
20231229,14:15:27,1.1,600,203150
20231229,14:15:28,1.05,2750,203150
20231229,14:15:29,1.05,900,203150
20231229,14:15:30,1.05,1000,203150
20231229,14:15:31,1.05,2800,203150
20231229,14:15:33,1.1,50,203150
20231229,14:15:34,1.1,50,203150
20231229,14:15:35,1.1,250,203150
20231229,14:15:48,1.1,250,203150
20231229,14:15:56,1.05,500,203150
20231229,14:16:01,1.05,500,203150
20231229,14:16:24,1.05,50,203150
20231229,14:16:30,1.05,300,203150
20231229,14:16:39,1.1,50,203150
20231229,14:16:48,1.1,50,203150
20231229,14:16:52,1.05,550,203150
20231229,14:17:02,1.1,50,203150
20231229,14:17:40,1.1,50,203150
20231229,14:18:08,1.1,100,203700
20231229,14:18:55,1.05,50,203700
20231229,14:19:16,1.1,1600,203700
20231229,14:19:19,1.05,1800,203700
20231229,14:19:24,1.05,1050,203700
20231229,14:19:24,1.1,500,203700
20231229,14:19:56,1.05,50,203700
20231229,14:20:29,1.05,1800,203700
20231229,14:20:42,1.05,100,203700
20231229,14:20:44,1.05,1500,203700
20231229,14:21:52,1.05,50,202050
20231229,14:21:55,1.05,50,202050
20231229,14:22:51,1.05,250,202050
20231229,14:24:59,1.05,150,202050
20231229,14:25:07,1.05,550,202050
20231229,14:25:09,1.05,50,202050
20231229,14:25:16,1.0,50,202050
20231229,14:26:33,1.05,250,202050
20231229,14:26:38,1.05,250,202050
20231229,14:27:22,1.0,50,202050
20231229,14:28:08,1.0,50,202050
20231229,14:28:38,1.05,1000,202050
20231229,14:29:27,1.05,100,202050
20231229,14:30:43,1.05,50,202050
20231229,14:31:46,1.05,500,202100
20231229,14:31:47,1.05,1800,202100
20231229,14:31:48,1.05,2850,202100
20231229,14:31:51,1.05,100,202100
20231229,14:31:53,1.05,50,202100
20231229,14:32:01,1.05,50,202100
20231229,14:33:09,1.05,100,202100
20231229,14:33:57,1.05,50,202100
20231229,14:34:44,1.05,250,202100
20231229,14:35:16,1.05,50,202100
20231229,14:35:27,1.05,50,202100
20231229,14:35:29,1.05,250,202100
20231229,14:35:30,1.05,50,202100
20231229,14:35:58,1.05,250,202100
20231229,14:36:10,1.1,50,202100
20231229,14:36:27,1.05,50,202100
20231229,14:37:20,1.05,50,202100
20231229,14:37:21,1.05,100,202100
20231229,14:37:43,1.05,250,202100
20231229,14:37:56,1.05,50,202100
20231229,14:39:31,1.05,50,202000
20231229,14:39:40,1.1,400,202000
20231229,14:40:59,1.05,50,202000
20231229,14:41:00,1.05,50,202000
20231229,14:41:43,1.05,500,202000
20231229,14:41:47,1.05,3600,202000
20231229,14:44:47,1.05,50,202000
20231229,14:45:23,1.05,250,201600
20231229,14:45:24,1.05,250,201600
20231229,14:45:25,1.05,250,201600
20231229,14:45:26,1.05,250,201600
20231229,14:45:30,1.05,250,201600
20231229,14:45:36,1.05,4100,201600
20231229,14:45:37,1.05,500,201600
20231229,14:45:38,1.1,500,201600
20231229,14:45:39,1.1,500,201600
20231229,14:45:41,1.1,550,201600
20231229,14:45:43,1.05,50,201600
20231229,14:45:45,1.1,500,201600
20231229,14:45:49,1.1,750,201600
20231229,14:45:55,1.1,800,201600
20231229,14:45:57,1.1,500,201600
20231229,14:45:58,1.1,250,201600
20231229,14:45:59,1.1,1250,201600
20231229,14:46:00,1.1,250,201600
20231229,14:46:01,1.1,750,201600
20231229,14:46:02,1.1,250,201600
20231229,14:46:04,1.1,750,201600
20231229,14:46:05,1.1,750,201600
20231229,14:46:06,1.1,250,201600
20231229,14:46:07,1.1,500,201600
20231229,14:46:08,1.1,500,201600
20231229,14:46:09,1.1,500,201600
20231229,14:47:20,1.1,200,201600
20231229,14:48:21,1.05,250,204550
20231229,14:48:22,1.05,750,204550
20231229,14:48:23,1.05,1000,204550
20231229,14:48:24,1.05,250,204550
20231229,14:48:25,1.05,800,204550
20231229,14:48:26,1.05,1750,204550
20231229,14:48:27,1.05,2300,204550
20231229,14:48:28,1.05,1000,204550
20231229,14:48:29,1.0,500,204550
20231229,14:48:30,1.0,500,204550
20231229,14:48:31,1.0,1000,204550
20231229,14:49:33,1.05,550,204550
20231229,14:49:34,1.05,1050,204550
20231229,14:49:35,1.05,500,204550
20231229,14:49:36,1.05,2600,204550
20231229,14:49:37,1.05,750,204550
20231229,14:49:38,1.05,750,204550
20231229,14:49:39,1.05,500,204550
20231229,14:49:42,1.05,7000,204550
20231229,14:49:42,1.05,200,204550
20231229,14:49:53,1.05,600,204550
20231229,14:50:10,1.05,50,204550
20231229,14:51:05,1.05,1050,203450
20231229,14:51:05,1.1,1050,203450
20231229,14:51:07,1.1,250,203450
20231229,14:51:08,1.1,500,203450
20231229,14:51:15,1.1,550,203450
20231229,14:51:17,1.1,250,203450
20231229,14:51:25,1.1,550,203450
20231229,14:51:26,1.1,2550,203450
20231229,14:51:26,1.1,250,203450
20231229,14:51:27,1.1,500,203450
20231229,14:51:28,1.1,1500,203450
20231229,14:51:29,1.05,1000,203450
20231229,14:51:30,1.1,750,203450
20231229,14:51:31,1.1,1250,203450
20231229,14:51:33,1.1,750,203450
20231229,14:51:35,1.1,1250,203450
20231229,14:51:36,1.1,300,203450
20231229,14:51:52,1.05,250,203450
20231229,14:51:54,1.1,1500,203450
20231229,14:51:55,1.1,1250,203450
20231229,14:52:01,1.1,50,203450
20231229,14:52:15,1.05,50,203450
20231229,14:52:32,1.05,250,203450
20231229,14:52:59,1.05,250,203450
20231229,14:53:00,1.05,50,203450
20231229,14:53:09,1.05,250,203450
20231229,14:53:21,1.05,350,203450
20231229,14:53:22,1.05,750,203450
20231229,14:53:23,1.05,250,203450
20231229,14:53:24,1.05,1300,203450
20231229,14:53:25,1.05,250,203450
20231229,14:53:26,1.05,250,203450
20231229,14:53:27,1.05,750,203450
20231229,14:53:28,1.05,1250,203450
20231229,14:53:29,1.05,1750,203450
20231229,14:53:30,1.05,1000,203450
20231229,14:53:31,1.05,1000,203450
20231229,14:53:32,1.05,750,203450
20231229,14:53:33,1.05,750,203450
20231229,14:53:34,1.05,500,203450
20231229,14:53:35,1.05,1500,203450
20231229,14:53:36,1.05,1150,203450
20231229,14:53:37,1.05,1000,203450
20231229,14:53:38,1.05,1550,203450
20231229,14:53:39,1.05,1000,203450
20231229,14:53:40,1.05,1000,203450
20231229,14:53:41,1.05,500,203450
20231229,14:53:42,1.05,500,203450
20231229,14:53:43,1.05,500,203450
20231229,14:54:27,1.05,50,203450
20231229,14:54:59,1.05,250,202850
20231229,14:55:08,1.05,100,202850
20231229,14:57:19,1.1,50,201800
20231229,14:58:34,1.05,250,201800
20231229,14:59:21,1.05,300,201800
20231229,15:00:28,1.05,300,202050
20231229,15:00:45,1.1,200,202050
20231229,15:00:53,1.05,100,202050
20231229,15:02:06,1.1,1800,202050
20231229,15:02:07,1.1,1400,202050
20231229,15:02:09,1.1,50,202050
20231229,15:02:13,1.1,3600,202050
20231229,15:02:13,1.1,250,202050
20231229,15:02:14,1.1,3050,202050
20231229,15:02:21,1.15,1800,202050
20231229,15:02:22,1.15,50,202050
20231229,15:02:23,1.2,350,202050
20231229,15:02:24,1.15,50,202050
20231229,15:02:25,1.15,250,202050
20231229,15:02:28,1.15,4850,202050
20231229,15:02:29,1.15,250,202050
20231229,15:02:32,1.2,150,202050
20231229,15:02:39,1.15,1450,202050
20231229,15:03:15,1.1,1800,207700
20231229,15:03:28,1.1,700,207700
20231229,15:03:35,1.1,1000,207700
20231229,15:03:36,1.1,1300,207700
20231229,15:03:39,1.1,50,207700
20231229,15:03:41,1.1,250,207700
20231229,15:03:49,1.1,850,207700
20231229,15:03:54,1.1,50,207700
20231229,15:04:06,1.1,1800,207700
20231229,15:04:14,1.05,1100,207700
20231229,15:04:35,1.1,1800,207700
20231229,15:04:37,1.1,300,207700
20231229,15:04:38,1.1,500,207700
20231229,15:04:40,1.1,250,207700
20231229,15:04:42,1.1,250,207700
20231229,15:04:43,1.1,2300,207700
20231229,15:04:44,1.1,750,207700
20231229,15:04:45,1.1,3350,207700
20231229,15:04:46,1.1,250,207700
20231229,15:04:47,1.1,11100,207700
20231229,15:04:48,1.15,1800,207700
20231229,15:04:49,1.15,1800,207700
20231229,15:04:51,1.15,1850,207700
20231229,15:04:52,1.15,200,207700
20231229,15:04:54,1.15,50,207700
20231229,15:04:55,1.15,1000,207700
20231229,15:04:56,1.15,2500,207700
20231229,15:04:57,1.15,1000,207700
20231229,15:04:58,1.15,500,207700
20231229,15:05:00,1.15,550,207700
20231229,15:05:05,1.15,1800,207700
20231229,15:05:06,1.15,500,207700
20231229,15:05:07,1.15,1800,207700
20231229,15:05:08,1.15,5400,207700
20231229,15:05:09,1.2,5050,207700
20231229,15:05:12,1.25,50,207700
20231229,15:05:13,1.25,50,207700
20231229,15:05:14,1.25,600,207700
20231229,15:05:16,1.2,650,207700
20231229,15:05:17,1.2,1800,207700
20231229,15:05:19,1.25,550,207700
20231229,15:05:22,1.2,1800,207700
20231229,15:05:27,1.2,1800,207700
20231229,15:05:28,1.25,2100,207700
20231229,15:05:31,1.2,250,207700
20231229,15:05:34,1.2,150,207700
20231229,15:05:35,1.2,600,207700
20231229,15:05:36,1.25,500,207700
20231229,15:05:41,1.25,300,207700
20231229,15:05:47,1.2,150,207700
20231229,15:05:48,1.2,150,207700
20231229,15:06:02,1.2,500,208600
20231229,15:06:06,1.15,700,208600
20231229,15:06:20,1.15,1800,208600
20231229,15:06:22,1.15,500,208600
20231229,15:06:23,1.2,300,208600
20231229,15:06:36,1.1,550,208600
20231229,15:06:41,1.15,800,208600
20231229,15:06:54,1.2,50,208600
20231229,15:06:59,1.2,1650,208600
20231229,15:07:03,1.2,50,208600
20231229,15:07:19,1.25,3600,208600
20231229,15:08:29,1.15,100,208600
20231229,15:08:29,1.15,500,208600
20231229,15:08:30,1.15,250,208600
20231229,15:08:32,1.15,1450,208600
20231229,15:08:32,1.15,750,208600
20231229,15:08:33,1.1,550,208600
20231229,15:08:34,1.1,550,208600
20231229,15:08:35,1.1,750,208600
20231229,15:08:36,1.1,500,208600
20231229,15:08:37,1.1,1500,208600
20231229,15:08:38,1.1,1750,208600
20231229,15:08:39,1.1,1500,208600
20231229,15:08:42,1.1,300,208600
20231229,15:08:42,1.1,750,208600
20231229,15:08:43,1.1,600,208600
20231229,15:08:45,1.1,350,208600
20231229,15:08:46,1.1,1700,208600
20231229,15:08:55,1.15,500,208600
20231229,15:08:57,1.15,100,206550
20231229,15:09:25,1.15,100,206550
20231229,15:09:28,1.15,50,206550
20231229,15:09:37,1.1,50,206550
20231229,15:09:43,1.1,1250,206550
20231229,15:09:44,1.1,50,206550
20231229,15:09:54,1.1,50,206550
20231229,15:10:15,1.1,50,206550
20231229,15:10:25,1.1,50,206550
20231229,15:11:00,1.1,250,206550
20231229,15:11:13,1.1,50,206550
20231229,15:11:30,1.1,250,206550
20231229,15:12:55,1.05,50,206550
20231229,15:13:00,1.05,200,204450
20231229,15:13:11,1.1,250,204450
20231229,15:13:20,1.1,250,204450
20231229,15:13:27,1.05,50,204450
20231229,15:13:56,1.05,250,204450
20231229,15:13:57,1.1,500,204450
20231229,15:14:40,1.1,250,204450
20231229,15:15:01,1.1,250,204400
20231229,15:15:08,1.1,250,204400
20231229,15:15:32,1.1,600,204400
20231229,15:15:50,1.05,50,204400
20231229,15:16:14,1.1,250,204400
20231229,15:16:26,1.1,250,204400
20231229,15:16:31,1.1,250,204400
20231229,15:16:51,1.1,250,204400
20231229,15:17:03,1.05,50,204400
20231229,15:17:42,1.1,1800,204400
20231229,15:17:44,1.1,650,204400
20231229,15:18:01,1.05,350,204400
20231229,15:18:29,1.1,250,205100
20231229,15:18:50,1.1,250,205100
20231229,15:19:16,1.15,200,205100
20231229,15:19:33,1.1,50,205100
20231229,15:19:40,1.1,250,205100
20231229,15:19:56,1.1,50,205100
20231229,15:20:04,1.1,50,205100
20231229,15:20:04,1.1,100,205100
20231229,15:20:12,1.15,250,205100
20231229,15:20:27,1.1,50,205100
20231229,15:21:19,1.1,50,203350
20231229,15:21:24,1.1,250,203350
20231229,15:22:09,1.1,50,203350
20231229,15:22:21,1.1,50,203350
20231229,15:22:23,1.1,100,203350
20231229,15:22:24,1.1,50,203350
20231229,15:22:25,1.1,50,203350
20231229,15:22:26,1.1,50,203350
20231229,15:22:29,1.1,50,203350
20231229,15:23:58,1.15,300,203350
20231229,15:24:15,1.15,1450,203350
20231229,15:24:16,1.1,500,203350
20231229,15:24:31,1.1,150,203350
20231229,15:24:38,1.1,50,203350
20231229,15:24:39,1.1,50,203350
20231229,15:24:42,1.1,2050,203350
20231229,15:24:49,1.05,600,203350
20231229,15:24:54,1.05,1900,203350
20231229,15:24:55,1.05,50,203350
20231229,15:24:58,1.05,50,203350
20231229,15:25:05,1.0,150,203350
20231229,15:25:21,1.05,300,203350
20231229,15:25:28,1.0,300,203350
20231229,15:25:38,1.0,150,203350
20231229,15:25:39,1.0,500,203350
20231229,15:25:42,1.0,100,203350
20231229,15:26:04,1.0,50,203350
20231229,15:26:15,1.0,100,203350
20231229,15:26:45,1.05,250,203350
20231229,15:27:14,1.0,1200,203350
20231229,15:27:15,1.0,600,202850
20231229,15:27:16,1.0,400,202850
20231229,15:29:03,1.1,50,202850
20231229,15:29:07,1.1,200,202850
20231229,15:29:49,0.9,450,202850
20240101,09:15:01,0.9,1,201600
20240101,09:15:01,0.9,50,201600
20240101,09:15:03,1.2,350,201600
20240101,09:15:04,1.15,900,201600
20240101,09:15:05,1.0,650,201600
20240101,09:15:06,1.15,900,201600
20240101,09:15:10,1.15,50,201600
20240101,09:15:11,1.15,150,201600
20240101,09:15:12,1.15,200,201600
20240101,09:15:24,1.0,50,201600
20240101,09:15:25,1.05,700,201600
20240101,09:15:30,1.1,50,201600
20240101,09:16:01,1.0,50,201600
20240101,09:16:12,1.1,550,201600
20240101,09:16:17,1.0,400,201600
20240101,09:16:17,1.0,150,201600
20240101,09:16:22,1.1,500,201600
20240101,09:16:23,1.0,200,201600
20240101,09:16:26,1.0,1100,201600
20240101,09:16:38,1.05,50,201600
20240101,09:16:39,1.05,50,201600
20240101,09:16:40,1.0,100,201600
20240101,09:16:41,1.05,100,201600
20240101,09:16:56,1.05,950,201600
20240101,09:17:25,1.05,150,201600
20240101,09:18:34,1.0,200,202000
20240101,09:18:35,1.0,550,202000
20240101,09:19:09,0.95,100,202000
20240101,09:19:36,0.95,100,202000
20240101,09:20:42,0.9,50,202000
20240101,09:21:09,0.95,50,201600
20240101,09:21:25,0.95,200,201600
20240101,09:21:37,0.95,50,201600
20240101,09:21:44,0.95,50,201600
20240101,09:21:47,0.95,100,201600
20240101,09:21:56,0.95,1500,201600
20240101,09:21:58,0.95,600,201600
20240101,09:22:09,0.95,600,201600
20240101,09:24:37,0.95,1750,201600
20240101,09:25:03,0.95,1000,201600
20240101,09:25:26,1.0,550,201600
20240101,09:25:30,1.0,50,201600
20240101,09:25:33,1.0,50,201600
20240101,09:25:44,1.0,450,201600
20240101,09:26:44,1.0,700,201600
20240101,09:27:15,1.05,100,201600
20240101,09:27:18,1.0,50,201600
20240101,09:27:30,1.0,50,201600
20240101,09:27:30,1.0,350,201600
20240101,09:27:32,1.0,350,201600
20240101,09:27:34,1.0,350,201600
20240101,09:27:37,1.0,150,201600
20240101,09:27:43,1.0,50,201600
20240101,09:27:43,1.0,300,201600
20240101,09:27:54,1.0,50,201600
20240101,09:28:16,1.0,50,201600
20240101,09:28:30,1.0,50,201600
20240101,09:29:30,1.0,50,201600
20240101,09:29:42,1.0,50,201600
20240101,09:30:27,1.0,50,201600
20240101,09:30:46,0.95,50,201600
20240101,09:30:48,0.95,50,201600
20240101,09:30:50,0.95,150,201600
20240101,09:30:52,1.0,50,201600
20240101,09:32:06,1.0,50,201600
20240101,09:32:24,0.95,600,201600
20240101,09:32:47,0.9,50,201600
20240101,09:33:37,0.95,150,201600
20240101,09:33:41,0.9,50,201600
20240101,09:33:43,0.95,50,201600
20240101,09:35:04,0.9,50,201600
20240101,09:35:47,0.95,50,201600
20240101,09:36:01,0.95,50,201600
20240101,09:36:03,0.95,50,201600
20240101,09:36:13,0.95,50,201600
20240101,09:36:17,0.95,100,201600
20240101,09:36:45,0.95,50,201600
20240101,09:36:46,0.95,50,201600
20240101,09:37:06,0.95,200,201600
20240101,09:38:01,0.95,500,201600
20240101,09:38:05,0.95,200,201600
20240101,09:39:07,0.95,200,201600
20240101,09:40:04,0.95,50,201800
20240101,09:40:51,0.95,200,201800
20240101,09:42:05,1.0,500,201800
20240101,09:42:23,0.9,500,201600
20240101,09:43:24,1.0,50,201600
20240101,09:43:32,0.95,200,201600
20240101,09:43:46,0.95,150,201600
20240101,09:44:36,0.95,50,201600
20240101,09:45:42,0.95,50,201600
20240101,09:46:19,0.95,50,201600
20240101,09:46:33,0.95,100,201600
20240101,09:46:55,0.95,50,201600
20240101,09:47:01,0.95,100,201600
20240101,09:47:15,1.0,500,201600
20240101,09:47:15,1.0,50,201600
20240101,09:47:20,0.95,50,201600
20240101,09:47:20,0.95,50,201700
20240101,09:47:38,1.0,500,201700
20240101,09:47:46,1.0,250,201700
20240101,09:47:48,0.95,650,201700
20240101,09:47:48,0.95,750,201700
20240101,09:47:57,1.0,200,201700
20240101,09:47:59,1.0,350,201700
20240101,09:48:02,1.0,100,201700
20240101,09:48:09,1.0,100,201700
20240101,09:48:16,0.95,200,201700
20240101,09:48:54,1.0,300,201700
20240101,09:49:31,1.0,50,201700
20240101,09:51:40,1.0,50,201700
20240101,09:52:17,1.0,100,201800
20240101,09:53:27,1.0,150,201850
20240101,09:53:30,0.95,50,201850
20240101,09:53:45,1.05,300,201850
20240101,09:54:31,1.05,600,201850
20240101,09:54:38,1.05,300,201850
20240101,09:54:38,1.0,50,201850
20240101,09:54:43,1.05,550,201850
20240101,09:54:45,1.05,1000,201850
20240101,09:54:45,1.05,350,201850
20240101,09:54:55,1.1,250,201850
20240101,09:54:59,1.1,2700,201850
20240101,09:55:00,1.1,400,201850
20240101,09:55:02,1.1,50,201850
20240101,09:55:05,1.1,300,201850
20240101,09:55:06,1.1,6200,201850
20240101,09:55:07,1.1,100,201850
20240101,09:55:09,1.2,650,201850
20240101,09:55:10,1.3,750,201850
20240101,09:55:12,1.6,8850,201850
20240101,09:55:17,1.45,1100,201850
20240101,09:55:18,1.45,50,201850
20240101,09:55:19,1.4,50,201850
20240101,09:55:39,1.3,1800,201850
20240101,09:55:41,1.2,100,201850
20240101,09:55:43,1.2,1050,201850
20240101,09:55:45,1.2,50,201850
20240101,09:55:47,1.2,700,201850
20240101,09:55:48,1.2,1000,201850
20240101,09:55:54,1.25,50,201850
20240101,09:56:03,1.2,250,201850
20240101,09:56:05,1.2,50,201850
20240101,09:56:11,1.2,50,201850
20240101,09:56:16,1.2,1800,201850
20240101,09:56:23,1.25,50,212900
20240101,09:56:26,1.25,50,212900
20240101,09:56:30,1.25,50,212900
20240101,09:56:31,1.2,150,212900
20240101,09:56:33,1.25,100,212900
20240101,09:56:39,1.25,50,212900
20240101,09:56:42,1.25,2300,212900
20240101,09:56:44,1.25,1450,212900
20240101,09:56:46,1.2,2550,212900
20240101,09:56:47,1.35,3000,212900
20240101,09:56:51,1.4,2000,212900
20240101,09:56:53,1.3,1000,212900
20240101,09:56:59,1.35,1800,212900
20240101,09:57:05,1.35,1800,212900
20240101,09:57:08,1.35,1800,212900
20240101,09:57:10,1.35,1800,212900
20240101,09:57:22,1.35,1800,212900
20240101,09:57:23,1.35,1800,212900
20240101,09:57:24,1.35,200,212900
20240101,09:57:25,1.5,18650,212900
20240101,09:57:26,1.4,200,212900
20240101,09:57:27,1.5,50,212900
20240101,09:57:28,1.4,50,212900
20240101,09:57:29,1.4,850,212900
20240101,09:57:31,1.35,200,212900
20240101,09:57:33,1.35,500,212900
20240101,09:57:35,1.4,150,212900
20240101,09:57:36,1.35,500,212900
20240101,09:57:44,1.35,500,212900
20240101,09:57:46,1.35,550,212900
20240101,09:57:50,1.35,2300,212900
20240101,09:57:52,1.3,300,212900
20240101,09:57:54,1.35,50,212900
20240101,09:58:00,1.35,50,212900
20240101,09:58:07,1.35,50,212900
20240101,09:58:32,1.35,50,212900
20240101,09:58:37,1.35,1800,212900
20240101,09:58:48,1.3,500,212900
20240101,09:59:04,1.3,1250,212900
20240101,09:59:08,1.3,500,212900
20240101,09:59:09,1.3,300,212900
20240101,09:59:19,1.25,250,212900
20240101,09:59:31,1.3,400,212900
20240101,09:59:37,1.25,250,253300
20240101,09:59:46,1.3,250,253300
20240101,10:00:00,1.3,100,253300
20240101,10:00:24,1.25,500,253300
20240101,10:00:31,1.3,200,253300
20240101,10:01:01,1.25,550,253300
20240101,10:01:16,1.25,50,253300
20240101,10:01:27,1.3,50,253300
20240101,10:01:31,1.25,500,253300
20240101,10:01:51,1.3,50,253300
20240101,10:01:56,1.3,100,253300
20240101,10:02:01,1.3,50,253300
20240101,10:02:34,1.25,200,253250
20240101,10:02:43,1.25,1850,253250
20240101,10:02:44,1.25,1800,253250
20240101,10:02:48,1.25,1800,253250
20240101,10:02:49,1.25,200,253250
20240101,10:02:51,1.3,100,253250
20240101,10:02:51,1.25,1800,253250
20240101,10:02:53,1.25,2150,253250
20240101,10:02:53,1.25,850,253250
20240101,10:03:01,1.2,1800,253250
20240101,10:03:02,1.2,2150,253250
20240101,10:03:05,1.2,50,253250
20240101,10:03:08,1.2,50,253250
20240101,10:03:11,1.2,50,253250
20240101,10:03:12,1.2,100,253250
20240101,10:03:23,1.2,50,253250
20240101,10:03:24,1.2,50,253250
20240101,10:03:27,1.2,50,253250
20240101,10:03:27,1.2,1800,253250
20240101,10:03:43,1.2,100,253250
20240101,10:03:52,1.2,50,253250
20240101,10:03:54,1.2,200,253250
20240101,10:04:23,1.15,1550,253250
20240101,10:04:32,1.15,1800,253250
20240101,10:04:35,1.2,50,253250
20240101,10:05:38,1.2,50,253250
20240101,10:05:42,1.15,50,267550
20240101,10:05:45,1.2,1800,267550
20240101,10:05:50,1.15,250,267550
20240101,10:05:51,1.15,750,267550
20240101,10:05:53,1.15,250,267550
20240101,10:05:56,1.15,4250,267550
20240101,10:05:56,1.15,50,267550
20240101,10:06:01,1.15,1050,267550
20240101,10:06:45,1.2,50,267550
20240101,10:07:06,1.15,50,267550
20240101,10:07:13,1.15,1800,267550
20240101,10:09:27,1.15,50,266500
20240101,10:09:51,1.2,50,266500
20240101,10:09:55,1.2,50,266500
20240101,10:10:05,1.2,150,266500
20240101,10:10:30,1.2,200,266500
20240101,10:10:33,1.2,1800,266500
20240101,10:10:35,1.15,1400,266500
20240101,10:10:44,1.2,850,266500
20240101,10:10:45,1.15,600,266500
20240101,10:10:46,1.2,1250,266500
20240101,10:10:47,1.2,500,266500
20240101,10:10:48,1.2,500,266500
20240101,10:10:49,1.2,500,266500
20240101,10:10:51,1.2,50,266500
20240101,10:10:58,1.25,50,266500
20240101,10:11:04,1.25,5400,266500
20240101,10:11:09,1.2,650,266500
20240101,10:11:10,1.2,2700,266500
20240101,10:11:12,1.2,350,266500
20240101,10:11:15,1.2,150,266500
20240101,10:11:16,1.2,900,266500
20240101,10:11:17,1.2,700,266500
20240101,10:11:18,1.25,50,266500
20240101,10:11:23,1.2,50,265100
20240101,10:11:27,1.15,2150,265100
20240101,10:11:33,1.15,1600,265100
20240101,10:11:35,1.15,1800,265100
20240101,10:11:35,1.15,900,265100
20240101,10:11:44,1.15,50,265100
20240101,10:11:46,1.15,50,265100
20240101,10:12:02,1.15,50,265100
20240101,10:12:05,1.15,2400,265100
20240101,10:12:06,1.15,5250,265100
20240101,10:12:26,1.2,50,265100
20240101,10:12:37,1.2,50,265100
20240101,10:12:40,1.2,50,265100
20240101,10:13:13,1.2,50,265100
20240101,10:13:30,1.2,1800,265100
20240101,10:13:37,1.2,50,265100
20240101,10:13:57,1.2,100,265100
20240101,10:14:07,1.2,50,265100
20240101,10:14:14,1.2,200,265100
20240101,10:14:49,1.15,200,275450
20240101,10:14:53,1.15,50,275450
20240101,10:15:05,1.15,1800,275450
20240101,10:15:15,1.15,3200,275450
20240101,10:15:24,1.15,50,275450
20240101,10:15:28,1.2,100,275450
20240101,10:15:30,1.15,1800,275450
20240101,10:15:32,1.2,50,275450
20240101,10:15:35,1.15,500,275450
20240101,10:15:42,1.15,50,275450
20240101,10:15:46,1.15,100,275450
20240101,10:15:50,1.15,50,275450
20240101,10:16:08,1.15,150,275450
20240101,10:16:10,1.15,900,275450
20240101,10:16:13,1.15,50,275450
20240101,10:16:21,1.2,150,275450
20240101,10:16:49,1.15,50,275450
20240101,10:16:50,1.2,50,275450
20240101,10:16:58,1.2,100,275450
20240101,10:17:23,1.2,50,275450
20240101,10:17:47,1.15,1850,275450
20240101,10:18:27,1.1,1850,278300
20240101,10:18:28,1.1,1850,278300
20240101,10:18:34,1.1,200,278300
20240101,10:19:47,1.1,50,278300
20240101,10:20:18,1.1,50,278300
20240101,10:20:22,1.1,1800,278300
20240101,10:20:23,1.1,1800,278300
20240101,10:20:24,1.1,1100,275700
20240101,10:20:30,1.1,900,275700
20240101,10:20:37,1.1,50,275700
20240101,10:20:38,1.1,50,275700
20240101,10:21:15,1.1,50,275700
20240101,10:21:28,1.05,3600,275700
20240101,10:21:31,1.05,1800,275700
20240101,10:21:32,1.05,1800,275700
20240101,10:21:57,1.15,8250,275700
20240101,10:22:06,1.1,1000,275700
20240101,10:22:38,1.05,50,275700
20240101,10:22:55,1.1,1800,275700
20240101,10:22:56,1.15,3700,275700
20240101,10:23:43,1.15,50,272450
20240101,10:23:52,1.1,200,272450
20240101,10:24:07,1.1,250,272450
20240101,10:24:20,1.15,150,272450
20240101,10:24:30,1.1,3800,272450
20240101,10:24:36,1.1,450,272450
20240101,10:24:45,1.05,1800,272450
20240101,10:25:26,1.1,100,272450
20240101,10:25:59,1.05,200,272450
20240101,10:26:55,1.1,50,267450
20240101,10:27:33,1.05,100,267450
20240101,10:27:49,1.1,50,267450
20240101,10:28:45,1.05,100,267450
20240101,10:29:11,1.05,50,267450
20240101,10:30:21,1.1,1500,267500
20240101,10:31:28,1.05,50,267500
20240101,10:32:26,1.1,50,267500
20240101,10:32:58,1.05,50,268950
20240101,10:33:33,1.05,200,268950
20240101,10:33:44,1.05,150,268950
20240101,10:35:11,1.05,100,268950
20240101,10:35:58,1.1,750,268950
20240101,10:36:01,1.05,100,268450
20240101,10:36:35,1.1,50,268450
20240101,10:36:57,1.1,250,268450
20240101,10:37:41,1.1,1750,268450
20240101,10:37:58,1.05,1800,268450
20240101,10:38:19,1.05,1800,268450
20240101,10:38:30,1.05,1800,268450
20240101,10:38:39,1.05,1800,264800
20240101,10:38:43,1.05,50,264800
20240101,10:38:46,1.05,50,264800
20240101,10:38:46,1.05,500,264800
20240101,10:39:27,1.05,50,264800
20240101,10:39:32,1.05,50,264800
20240101,10:39:46,1.1,50,264800
20240101,10:39:51,1.05,50,264800
20240101,10:40:29,1.1,1900,264800
20240101,10:40:30,1.1,50,264800
20240101,10:40:33,1.1,50,264800
20240101,10:40:39,1.15,1600,264800
20240101,10:40:40,1.15,50,264800
20240101,10:40:43,1.15,50,264800
20240101,10:40:51,1.2,100,264800
20240101,10:40:58,1.2,250,264800
20240101,10:40:59,1.15,2700,264800
20240101,10:41:14,1.2,200,264800
20240101,10:41:16,1.2,1800,264800
20240101,10:41:18,1.2,1800,264800
20240101,10:41:22,1.15,50,264800
20240101,10:41:36,1.25,1900,259200
20240101,10:41:42,1.2,1000,259200
20240101,10:41:50,1.2,800,259200
20240101,10:42:16,1.2,50,259200
20240101,10:42:25,1.15,500,259200
20240101,10:42:26,1.15,1800,259200
20240101,10:42:27,1.15,400,259200
20240101,10:42:28,1.15,1400,259200
20240101,10:42:30,1.15,100,259200
20240101,10:42:41,1.15,500,259200
20240101,10:42:47,1.2,50,259200
20240101,10:42:59,1.2,50,259200
20240101,10:43:24,1.1,50,259200
20240101,10:43:32,1.15,50,259200
20240101,10:43:56,1.15,50,259200
20240101,10:44:16,1.15,150,259200
20240101,10:45:00,1.15,500,260850
20240101,10:45:01,1.2,1800,260850
20240101,10:45:07,1.2,50,260850
20240101,10:45:09,1.1,100,260850
20240101,10:45:14,1.15,200,260850
20240101,10:46:47,1.15,250,260850
20240101,10:46:47,1.1,250,260850
20240101,10:46:49,1.15,250,260850
20240101,10:46:50,1.1,250,260850
20240101,10:46:57,1.2,500,260850
20240101,10:47:04,1.15,50,260850
20240101,10:47:05,1.15,600,260850
20240101,10:47:06,1.2,850,260850
20240101,10:47:10,1.2,50,260850
20240101,10:47:12,1.25,100,260850
20240101,10:47:13,1.25,150,260850
20240101,10:47:16,1.25,50,260850
20240101,10:47:22,1.2,900,260850
20240101,10:47:23,1.2,50,260850
20240101,10:47:32,1.2,350,260850
20240101,10:47:44,1.2,1050,260400
20240101,10:47:45,1.25,300,260400
20240101,10:47:46,1.2,300,260400
20240101,10:47:48,1.25,50,260400
20240101,10:48:29,1.25,50,260400
20240101,10:48:55,1.2,500,260400
20240101,10:49:04,1.2,500,260400
20240101,10:49:14,1.25,50,260400
20240101,10:49:21,1.2,50,260400
20240101,10:49:23,1.25,50,260400
20240101,10:49:29,1.25,1800,260400
20240101,10:50:35,1.25,50,260550
20240101,10:51:09,1.2,750,260550
20240101,10:51:15,1.25,50,260550
20240101,10:51:47,1.25,50,260550
20240101,10:51:48,1.2,500,260550
20240101,10:51:55,1.2,150,260550
20240101,10:51:57,1.2,650,260550
20240101,10:52:03,1.2,250,260550
20240101,10:52:12,1.2,500,260550
20240101,10:52:15,1.2,100,260550
20240101,10:52:29,1.2,800,260550
20240101,10:53:12,1.2,50,260550
20240101,10:54:03,1.2,250,261650
20240101,10:54:05,1.2,450,261650
20240101,10:54:14,1.2,50,261650
20240101,10:55:03,1.2,100,261650
20240101,10:55:30,1.2,50,261650
20240101,10:55:47,1.15,17800,261650
20240101,10:55:48,1.15,50,261650
20240101,10:55:49,1.15,50,261650
20240101,10:55:50,1.15,50,261650
20240101,10:56:40,1.1,100,250550
20240101,10:56:53,1.15,600,250550
20240101,10:57:15,1.15,50,250550
20240101,10:57:41,1.15,50,250550
20240101,10:58:01,1.15,50,250550
20240101,10:58:47,1.1,450,250550
20240101,10:59:32,1.1,50,250550
20240101,10:59:44,1.1,50,250500
20240101,10:59:57,1.15,50,250500
20240101,11:00:10,1.1,50,250500
20240101,11:01:16,1.1,50,250500
20240101,11:01:27,1.1,3650,250500
20240101,11:01:28,1.1,1800,250500
20240101,11:01:56,1.15,50,250500
20240101,11:02:40,1.15,100,250500
20240101,11:02:43,1.1,50,246050
20240101,11:03:28,1.15,50,246050
20240101,11:04:05,1.1,100,246050
20240101,11:05:04,1.1,50,246050
20240101,11:05:40,1.15,50,246050
20240101,11:05:56,1.1,1500,246050
20240101,11:07:27,1.15,100,246050
20240101,11:07:51,1.15,50,246050
20240101,11:07:58,1.15,1000,246050
20240101,11:08:00,1.15,1800,246050
20240101,11:08:02,1.15,1800,246050
20240101,11:08:03,1.15,3750,246050
20240101,11:08:05,1.15,50,246050
20240101,11:08:16,1.2,750,246050
20240101,11:08:16,1.2,250,246050
20240101,11:08:42,1.2,250,246850
20240101,11:08:47,1.2,500,246850
20240101,11:08:52,1.15,1850,246850
20240101,11:08:55,1.15,50,246850
20240101,11:09:01,1.15,50,246850
20240101,11:09:12,1.15,150,246850
20240101,11:09:54,1.15,1250,246850
20240101,11:11:49,1.15,500,243950
20240101,11:12:29,1.15,200,243950
20240101,11:12:36,1.1,50,243950
20240101,11:12:56,1.1,50,243950
20240101,11:13:24,1.1,50,243950
20240101,11:13:45,1.1,50,243950
20240101,11:13:51,1.15,650,243950
20240101,11:14:05,1.15,100,243950
20240101,11:14:41,1.1,100,243950
20240101,11:15:07,1.15,150,243750
20240101,11:15:43,1.15,1800,243750
20240101,11:15:57,1.15,50,243750
20240101,11:16:00,1.15,50,243750
20240101,11:16:20,1.15,50,243750
20240101,11:17:11,1.15,50,243750
20240101,11:17:12,1.15,100,243750
20240101,11:17:44,1.1,50,243750
20240101,11:18:29,1.1,50,242400
20240101,11:21:13,1.1,3600,242300
20240101,11:21:13,1.1,3000,242300
20240101,11:21:27,1.1,200,242300
20240101,11:21:39,1.05,8100,242300
20240101,11:21:44,1.05,100,242300
20240101,11:21:45,1.05,250,242300
20240101,11:22:05,1.05,100,242300
20240101,11:22:10,1.05,50,242300
20240101,11:22:15,1.05,250,242300
20240101,11:22:31,1.05,300,242300
20240101,11:23:00,1.05,250,242300
20240101,11:23:11,1.05,250,242300
20240101,11:23:30,1.05,500,242300
20240101,11:23:52,1.05,1550,244100
20240101,11:23:54,1.0,1100,244100
20240101,11:23:55,1.0,50,244100
20240101,11:24:51,1.0,50,244100
20240101,11:25:13,1.05,50,244100
20240101,11:25:58,1.05,1250,244100
20240101,11:26:14,1.0,50,244100
20240101,11:26:27,1.05,850,244100
20240101,11:26:41,1.05,50,244100
20240101,11:26:48,1.0,50,244050
20240101,11:27:18,1.05,50,244050
20240101,11:27:53,1.05,50,244050
20240101,11:27:54,1.0,1800,244050
20240101,11:28:02,1.05,50,244050
20240101,11:28:07,1.0,800,244050
20240101,11:28:13,1.05,50,244050
20240101,11:28:28,1.0,950,244050
20240101,11:28:29,1.0,650,244050
20240101,11:28:31,1.0,350,244050
20240101,11:28:32,1.0,50,244050
20240101,11:28:37,1.0,250,244050
20240101,11:28:55,1.0,50,244050
20240101,11:28:57,1.0,50,244050
20240101,11:29:39,1.0,1000,243550
20240101,11:29:40,1.0,350,243550
20240101,11:29:43,1.0,1000,243550
20240101,11:29:44,1.0,800,243550
20240101,11:30:04,1.05,1800,243550
20240101,11:30:05,1.05,2650,243550
20240101,11:30:08,1.05,300,243550
20240101,11:30:11,1.05,50,243550
20240101,11:30:26,1.05,50,243550
20240101,11:30:29,1.05,50,243550
20240101,11:30:53,1.05,900,243550
20240101,11:30:58,1.05,800,243550
20240101,11:32:23,1.0,50,243550
20240101,11:32:36,1.05,50,244650
20240101,11:34:10,1.0,50,244650
20240101,11:34:28,1.0,50,244650
20240101,11:36:32,1.05,50,244650
20240101,11:40:20,1.05,50,244600
20240101,11:40:37,1.05,700,244600
20240101,11:42:32,1.0,50,244600
20240101,11:42:34,1.05,50,244600
20240101,11:43:02,1.0,50,244600
20240101,11:44:49,1.0,50,244600
20240101,11:52:12,1.05,50,244450
20240101,11:54:00,1.0,50,244450
20240101,11:55:39,1.05,350,244450
20240101,11:57:23,1.0,50,244400
20240101,11:58:23,1.05,700,244400
20240101,11:59:51,1.0,50,244350
20240101,12:01:28,1.0,50,244350
20240101,12:01:47,1.0,600,244350
20240101,12:01:52,1.0,250,244350
20240101,12:01:58,1.0,250,244350
20240101,12:02:33,1.05,1400,244350
20240101,12:03:18,1.05,50,244350
20240101,12:04:48,1.05,50,244550
20240101,12:04:49,1.0,50,244550
20240101,12:05:03,1.05,150,244550
20240101,12:05:09,1.05,50,244550
20240101,12:05:09,1.0,50,244550
20240101,12:05:10,1.0,100,244550
20240101,12:05:14,1.05,50,244550
20240101,12:05:14,1.0,50,244550
20240101,12:05:25,1.05,350,244550
20240101,12:05:27,1.0,100,244550
20240101,12:05:28,1.05,50,244550
20240101,12:05:29,1.0,50,244550
20240101,12:05:31,1.0,100,244550
20240101,12:05:40,1.05,50,245200
20240101,12:05:44,1.05,50,245200
20240101,12:05:47,1.05,50,245200
20240101,12:06:37,1.05,50,245200
20240101,12:08:52,1.05,50,245200
20240101,12:08:53,1.0,150,245400
20240101,12:08:54,1.05,50,245400
20240101,12:08:58,1.05,50,245400
20240101,12:08:58,1.0,100,245400
20240101,12:09:08,1.05,50,245400
20240101,12:09:17,1.0,50,245400
20240101,12:10:06,1.0,200,245400
20240101,12:10:27,1.05,200,245400
20240101,12:10:28,1.05,50,245400
20240101,12:10:30,1.05,7850,245400
20240101,12:10:31,1.05,3950,245400
20240101,12:10:32,1.15,7250,245400
20240101,12:10:33,1.1,1650,245400
20240101,12:10:34,1.05,100,245400
20240101,12:10:47,1.15,1800,245400
20240101,12:10:59,1.15,4200,245400
20240101,12:11:00,1.15,2400,245400
20240101,12:11:02,1.1,1500,245400
20240101,12:11:03,1.15,1850,245400
20240101,12:11:05,1.1,8600,245400
20240101,12:11:06,1.1,4450,245400
20240101,12:11:07,1.15,3250,245400
20240101,12:11:09,1.15,750,245400
20240101,12:11:10,1.05,100,245400
20240101,12:11:11,1.15,7800,245400
20240101,12:11:12,1.2,13850,245400
20240101,12:11:13,1.1,3200,245400
20240101,12:11:22,1.1,300,245400
20240101,12:11:23,1.25,2150,245400
20240101,12:11:24,1.15,1950,245400
20240101,12:11:26,1.2,150,245400
20240101,12:11:28,1.15,50,245400
20240101,12:11:30,1.2,600,245400
20240101,12:11:45,1.1,50,253600
20240101,12:11:47,1.2,2300,253600
20240101,12:11:57,1.2,1800,253600
20240101,12:12:05,1.2,50,253600
20240101,12:12:09,1.25,4300,253600
20240101,12:12:10,1.3,550,253600
20240101,12:12:12,1.2,800,253600
20240101,12:12:13,1.35,3750,253600
20240101,12:12:17,1.3,4100,253600
20240101,12:12:23,1.25,50,253600
20240101,12:12:24,1.3,1600,253600
20240101,12:12:30,1.2,200,253600
20240101,12:12:31,1.3,950,253600
20240101,12:12:33,1.3,100,253600
20240101,12:12:34,1.3,400,253600
20240101,12:12:50,1.3,50,253600
20240101,12:13:10,1.25,1800,253600
20240101,12:13:10,1.25,1900,253600
20240101,12:13:11,1.25,250,253600
20240101,12:13:12,1.2,2300,253600
20240101,12:13:21,1.25,450,253600
20240101,12:13:46,1.3,1850,253600
20240101,12:13:48,1.2,500,253600
20240101,12:14:12,1.2,150,253600
20240101,12:14:26,1.2,3100,253600
20240101,12:14:27,1.2,500,253600
20240101,12:14:29,1.25,350,253600
20240101,12:14:36,1.25,1500,253600
20240101,12:14:38,1.3,8000,253600
20240101,12:14:46,1.3,50,281000
20240101,12:14:48,1.25,1400,281000
20240101,12:14:49,1.25,50,281000
20240101,12:15:09,1.35,5750,281000
20240101,12:15:19,1.3,100,281000
20240101,12:15:21,1.3,1700,281000
20240101,12:15:27,1.25,500,281000
20240101,12:15:36,1.3,1800,281000
20240101,12:16:02,1.25,950,281000
20240101,12:16:11,1.3,1250,281000
20240101,12:16:13,1.3,4950,281000
20240101,12:16:16,1.35,10400,281000
20240101,12:16:19,1.25,500,281000
20240101,12:16:22,1.25,500,281000
20240101,12:16:23,1.25,350,281000
20240101,12:16:25,1.25,500,281000
20240101,12:16:28,1.25,1350,281000
20240101,12:16:57,1.2,50,281000
20240101,12:17:26,1.2,100,281000
20240101,12:17:42,1.25,600,282600
20240101,12:18:12,1.2,50,282600
20240101,12:18:15,1.25,100,282600
20240101,12:18:17,1.25,50,282600
20240101,12:18:23,1.25,200,282600
20240101,12:18:28,1.25,50,282600
20240101,12:18:37,1.2,1800,282600
20240101,12:18:38,1.2,750,282600
20240101,12:18:45,1.25,100,282600
20240101,12:19:06,1.15,150,282600
20240101,12:19:12,1.2,100,282600
20240101,12:19:17,1.2,500,282600
20240101,12:19:33,1.2,400,282600
20240101,12:19:36,1.2,50,282600
20240101,12:19:47,1.2,1000,282600
20240101,12:20:37,1.2,750,282600
20240101,12:20:43,1.15,50,282600
20240101,12:21:05,1.2,100,284300
20240101,12:21:20,1.2,50,284300
20240101,12:21:31,1.15,50,284300
20240101,12:21:35,1.2,200,284300
20240101,12:21:40,1.2,50,284300
20240101,12:22:25,1.2,750,284300
20240101,12:22:50,1.15,150,284300
20240101,12:23:08,1.2,100,284300
20240101,12:23:17,1.15,2750,284300
20240101,12:23:43,1.15,250,285250
20240101,12:23:44,1.1,200,285250
20240101,12:24:08,1.2,1400,285250
20240101,12:24:28,1.2,1800,285250
20240101,12:24:29,1.2,16050,285250
20240101,12:25:06,1.2,50,285250
20240101,12:25:07,1.2,50,285250
20240101,12:25:11,1.2,500,285250
20240101,12:25:39,1.2,650,285250
20240101,12:26:21,1.2,100,285250
20240101,12:26:28,1.25,50,285250
20240101,12:26:45,1.25,50,285250
20240101,12:26:46,1.25,150,300900
20240101,12:26:58,1.25,50,300900
20240101,12:27:21,1.25,50,300900
20240101,12:27:47,1.2,200,300900
20240101,12:27:59,1.25,50,300900
20240101,12:28:07,1.2,100,300900
20240101,12:28:09,1.2,200,300900
20240101,12:28:24,1.25,50,300900
20240101,12:28:28,1.2,50,300900
20240101,12:28:29,1.25,50,300900
20240101,12:28:57,1.2,200,300900
20240101,12:29:11,1.25,250,300900
20240101,12:29:14,1.2,900,300900
20240101,12:29:42,1.15,100,300900
20240101,12:29:51,1.2,50,300900
20240101,12:30:00,1.15,50,300600
20240101,12:30:06,1.2,50,300600
20240101,12:30:59,1.2,50,300600
20240101,12:31:41,1.2,100,300600
20240101,12:32:24,1.2,100,300600
20240101,12:32:42,1.2,50,300600
20240101,12:33:18,1.2,50,300900
20240101,12:33:23,1.2,500,300900
20240101,12:33:25,1.2,50,300900
20240101,12:33:28,1.2,50,300900
20240101,12:33:29,1.15,50,300900
20240101,12:34:01,1.15,1800,300900
20240101,12:34:10,1.15,50,300900
20240101,12:34:20,1.15,1500,300900
20240101,12:34:21,1.15,350,300900
20240101,12:34:22,1.15,50,300900
20240101,12:34:23,1.15,50,300900
20240101,12:34:25,1.15,50,300900
20240101,12:34:28,1.15,50,300900
20240101,12:35:45,1.15,1200,301950
20240101,12:36:17,1.15,1300,301950
20240101,12:37:16,1.1,50,301950
20240101,12:37:36,1.1,700,301950
20240101,12:37:38,1.15,1800,301950
20240101,12:38:00,1.15,100,301950
20240101,12:38:41,1.1,50,301950
20240101,12:38:42,1.15,50,301950
20240101,12:39:11,1.15,50,301950
20240101,12:39:19,1.1,50,303500
20240101,12:39:21,1.15,100,303500
20240101,12:40:19,1.15,100,303500
20240101,12:41:00,1.15,50,303500
20240101,12:41:40,1.15,50,303500
20240101,12:41:41,1.1,50,303500
20240101,12:41:55,1.1,100,303500
20240101,12:43:30,1.1,750,303750
20240101,12:43:59,1.15,50,303750
20240101,12:44:00,1.1,50,303750
20240101,12:44:04,1.1,50,303750
20240101,12:44:15,1.1,50,303750
20240101,12:44:39,1.1,50,303750
20240101,12:48:48,1.1,50,302750
20240101,12:49:05,1.1,100,302750
20240101,12:49:53,1.15,50,302750
20240101,12:50:47,1.15,2050,302650
20240101,12:50:53,1.15,50,302650
20240101,12:51:10,1.15,250,302650
20240101,12:51:32,1.2,50,302650
20240101,12:51:36,1.2,50,302650
20240101,12:51:40,1.2,500,302650
20240101,12:52:11,1.15,200,302650
20240101,12:52:16,1.2,400,302650
20240101,12:52:20,1.2,550,302650
20240101,12:52:21,1.15,550,302650
20240101,12:52:37,1.2,600,302650
20240101,12:52:39,1.15,600,302650
20240101,12:52:49,1.2,50,302650
20240101,12:53:19,1.15,100,302650
20240101,12:55:33,1.2,100,303000
20240101,12:55:44,1.15,1200,303000
20240101,12:55:45,1.15,250,303000
20240101,12:55:49,1.15,50,303000
20240101,12:56:09,1.1,100,303000
20240101,12:57:10,1.1,200,303000
20240101,12:57:41,1.15,100,303200
20240101,12:58:25,1.15,100,303200
20240101,12:58:40,1.1,50,303200
20240101,12:59:04,1.15,50,303200
20240101,12:59:29,1.15,50,303200
20240101,12:59:54,1.15,100,303200
20240101,12:59:57,1.1,50,303100
20240101,13:01:42,1.05,13700,303100
20240101,13:01:50,1.1,500,303100
20240101,13:02:40,1.15,50,303100
20240101,13:03:26,1.1,2550,291550
20240101,13:04:11,1.15,50,291550
20240101,13:04:15,1.1,100,291550
20240101,13:04:23,1.15,500,291550
20240101,13:04:55,1.15,50,291550
20240101,13:05:14,1.15,500,291550
20240101,13:05:41,1.15,50,291550
20240101,13:05:59,1.05,1200,289750
20240101,13:06:02,1.1,50,289750
20240101,13:06:30,1.1,100,289750
20240101,13:07:54,1.1,150,289750
20240101,13:08:17,1.1,50,289750
20240101,13:08:51,1.1,400,289750
20240101,13:10:05,1.15,50,288800
20240101,13:10:18,1.1,50,288800
20240101,13:10:51,1.1,50,288800
20240101,13:11:23,1.1,50,288800
20240101,13:12:40,1.15,50,288800
20240101,13:14:46,1.15,100,288450
20240101,13:15:55,1.15,50,288450
20240101,13:17:06,1.15,100,288600
20240101,13:17:55,1.15,50,288750
20240101,13:20:26,1.15,50,288750
20240101,13:21:09,1.2,4450,288850
20240101,13:22:19,1.2,50,288850
20240101,13:22:24,1.1,400,288850
20240101,13:23:29,1.2,150,288850
20240101,13:23:48,1.1,200,288850
20240101,13:24:50,1.2,50,287900
20240101,13:25:30,1.1,850,287900
20240101,13:25:53,1.2,100,287900
20240101,13:25:57,1.2,50,287900
20240101,13:26:35,1.15,50,287900
20240101,13:26:37,1.15,300,287900
20240101,13:27:46,1.15,100,287900
20240101,13:28:03,1.15,50,287800
20240101,13:28:16,1.1,50,287800
20240101,13:30:47,1.2,1400,287800
20240101,13:30:47,1.2,1400,287600
20240101,13:31:45,1.15,50,287600
20240101,13:33:50,1.2,50,287600
20240101,13:33:53,1.15,500,287000
20240101,13:35:19,1.2,50,287000
20240101,13:36:16,1.2,50,287100
20240101,13:36:24,1.2,50,287100
20240101,13:36:36,1.2,50,287100
20240101,13:37:14,1.15,50,287100
20240101,13:37:19,1.2,550,287100
20240101,13:37:30,1.2,600,287100
20240101,13:37:42,1.15,50,287100
20240101,13:37:56,1.2,50,287100
20240101,13:38:14,1.15,550,287100
20240101,13:38:28,1.2,450,287100
20240101,13:38:41,1.15,50,287100
20240101,13:38:57,1.2,50,287100
20240101,13:39:44,1.2,50,287800
20240101,13:40:17,1.2,50,287800
20240101,13:40:30,1.2,50,287800
20240101,13:40:32,1.2,50,287800
20240101,13:40:39,1.2,50,287800
20240101,13:40:48,1.2,50,287800
20240101,13:41:06,1.2,50,287800
20240101,13:41:45,1.15,50,287800
20240101,13:41:54,1.2,100,287800
20240101,13:42:06,1.2,50,287900
20240101,13:42:24,1.2,650,287900
20240101,13:42:38,1.15,1300,287900
20240101,13:42:50,1.2,50,287900
20240101,13:42:59,1.15,50,287900
20240101,13:43:02,1.2,450,287900
20240101,13:43:12,1.2,50,287900
20240101,13:43:15,1.15,1250,287900
20240101,13:43:17,1.15,50,287900
20240101,13:43:41,1.15,50,287900
20240101,13:44:34,1.2,50,287900
20240101,13:44:45,1.1,50,287900
20240101,13:46:28,1.1,50,287900
20240101,13:46:38,1.2,50,286000
20240101,13:46:41,1.1,50,286000
20240101,13:47:32,1.15,50,286000
20240101,13:47:36,1.1,50,286000
20240101,13:47:53,1.2,400,286000
20240101,13:47:55,1.1,50,285950
20240101,13:49:18,1.15,50,285950
20240101,13:49:53,1.2,50,285950
20240101,13:49:55,1.15,50,285950
20240101,13:50:15,1.2,350,285950
20240101,13:50:42,1.2,50,285950
20240101,13:50:56,1.15,50,285950
20240101,13:50:58,1.15,450,286250
20240101,13:51:17,1.2,50,286250
20240101,13:51:33,1.2,50,286250
20240101,13:51:37,1.2,50,286250
20240101,13:51:44,1.2,50,286250
20240101,13:51:52,1.15,400,286250
20240101,13:52:03,1.15,50,286250
20240101,13:52:07,1.2,50,286250
20240101,13:52:26,1.15,50,286250
20240101,13:52:45,1.2,250,286250
20240101,13:53:33,1.2,50,286250
20240101,13:53:42,1.2,50,286250
20240101,13:53:43,1.2,50,286250
20240101,13:54:00,1.2,50,286250
20240101,13:54:11,1.15,250,286700
20240101,13:54:16,1.2,50,286700
20240101,13:55:29,1.2,50,286700
20240101,13:55:34,1.2,50,286700
20240101,13:55:52,1.2,700,286700
20240101,13:55:58,1.2,100,286700
20240101,13:56:07,1.2,50,286700
20240101,13:56:09,1.2,50,286700
20240101,13:56:34,1.2,100,286700
20240101,13:57:02,1.2,1800,287650
20240101,13:57:03,1.2,750,287650
20240101,13:57:26,1.2,550,287650
20240101,13:57:27,1.2,2500,287650
20240101,13:57:34,1.2,50,287650
20240101,13:58:23,1.2,50,287650
20240101,13:59:01,1.2,50,287650
20240101,13:59:02,1.25,1800,287650
20240101,13:59:03,1.25,1600,287650
20240101,13:59:07,1.3,1800,287650
20240101,13:59:08,1.3,1900,287650
20240101,13:59:11,1.3,2050,287650
20240101,13:59:14,1.3,200,287650
20240101,13:59:25,1.35,1800,287650
20240101,13:59:26,1.35,1800,287650
20240101,13:59:48,1.35,200,287650
20240101,13:59:57,1.4,13750,293000
20240101,13:59:59,1.25,100,293000
20240101,14:00:03,1.3,2400,293000
20240101,14:00:06,1.35,50,293000
20240101,14:00:07,1.3,7200,293000
20240101,14:00:11,1.35,10700,293000
20240101,14:00:21,1.3,50,293000
20240101,14:00:27,1.35,1850,293000
20240101,14:00:32,1.35,1800,293000
20240101,14:00:33,1.35,1800,293000
20240101,14:00:34,1.3,50,293000
20240101,14:00:46,1.3,50,293000
20240101,14:00:48,1.4,13200,293000
20240101,14:00:55,1.35,1800,293000
20240101,14:01:18,1.35,1800,293000
20240101,14:01:19,1.3,50,293000
20240101,14:01:26,1.35,50,293000
20240101,14:01:49,1.35,50,293000
20240101,14:01:52,1.35,1800,293000
20240101,14:02:02,1.35,1800,293000
20240101,14:02:17,1.35,3950,293000
20240101,14:02:20,1.35,550,293000
20240101,14:02:23,1.35,500,293000
20240101,14:02:30,1.35,50,293000
20240101,14:02:32,1.35,100,293000
20240101,14:02:43,1.4,14400,293000
20240101,14:02:44,1.45,1550,293000
20240101,14:02:59,1.35,50,353550
20240101,14:03:00,1.35,50,353550
20240101,14:03:02,1.35,1400,353550
20240101,14:03:16,1.4,1100,353550
20240101,14:03:21,1.4,900,353550
20240101,14:03:37,1.4,200,353550
20240101,14:03:42,1.4,600,353550
20240101,14:03:44,1.45,1800,353550
20240101,14:03:45,1.35,50,353550
20240101,14:03:56,1.45,200,353550
20240101,14:04:01,1.45,50,353550
20240101,14:04:26,1.45,1800,353550
20240101,14:04:29,1.45,600,353550
20240101,14:04:36,1.4,50,353550
20240101,14:04:37,1.45,250,353550
20240101,14:04:41,1.45,1800,353550
20240101,14:04:49,1.45,1000,353550
20240101,14:04:51,1.4,2150,353550
20240101,14:04:51,1.45,2150,353550
20240101,14:04:54,1.45,650,353550
20240101,14:04:59,1.5,1800,353550
20240101,14:05:00,1.45,50,353550
20240101,14:05:06,1.5,200,353550
20240101,14:05:07,1.5,1800,353550
20240101,14:05:14,1.55,1800,353550
20240101,14:05:18,1.55,100,353550
20240101,14:05:21,1.6,3900,353550
20240101,14:05:21,1.55,250,353550
20240101,14:05:25,1.65,100,353550
20240101,14:05:29,1.65,50,353550
20240101,14:05:30,1.55,250,353550
20240101,14:05:31,1.65,1800,353550
20240101,14:05:39,1.55,2250,353550
20240101,14:05:41,1.7,2200,353550
20240101,14:05:42,1.6,250,353550
20240101,14:05:43,1.55,100,353550
20240101,14:05:44,1.55,50,353550
20240101,14:05:48,1.55,550,353550
20240101,14:05:51,1.5,400,353550
20240101,14:05:52,1.55,350,353550
20240101,14:05:54,1.55,50,353550
20240101,14:05:54,1.5,500,353550
20240101,14:05:58,1.5,50,353550
20240101,14:05:58,1.55,1450,361750
20240101,14:06:04,1.55,50,361750
20240101,14:06:05,1.5,50,361750
20240101,14:06:08,1.5,900,361750
20240101,14:06:10,1.5,50,361750
20240101,14:06:20,1.5,50,361750
20240101,14:06:22,1.55,1800,361750
20240101,14:06:22,1.55,2600,361750
20240101,14:06:23,1.6,50,361750
20240101,14:06:31,1.55,2150,361750
20240101,14:06:35,1.5,200,361750
20240101,14:06:39,1.55,1800,361750
20240101,14:06:45,1.5,600,361750
20240101,14:06:47,1.55,1800,361750
20240101,14:06:48,1.55,1800,361750
20240101,14:06:50,1.5,350,361750
20240101,14:06:53,1.5,2150,361750
20240101,14:06:57,1.5,50,361750
20240101,14:07:08,1.5,500,361750
20240101,14:07:10,1.5,150,361750
20240101,14:07:11,1.5,50,361750
20240101,14:07:16,1.5,50,361750
20240101,14:07:18,1.55,1800,361750
20240101,14:07:37,1.55,2200,361750
20240101,14:07:43,1.5,50,361750
20240101,14:07:45,1.55,2300,361750
20240101,14:07:52,1.55,50,361750
20240101,14:07:54,1.55,900,361750
20240101,14:07:55,1.55,600,361750
20240101,14:07:56,1.55,50,361750
20240101,14:07:57,1.55,100,361750
20240101,14:07:58,1.55,100,361750
20240101,14:07:59,1.55,100,361750
20240101,14:08:00,1.5,250,361750
20240101,14:08:04,1.5,50,361750
20240101,14:08:07,1.5,50,361750
20240101,14:08:09,1.5,1000,361750
20240101,14:08:10,1.45,2200,361750
20240101,14:08:13,1.5,2150,361750
20240101,14:08:15,1.55,1850,361750
20240101,14:08:21,1.55,250,361750
20240101,14:08:33,1.5,100,361750
20240101,14:08:35,1.5,500,361750
20240101,14:08:38,1.55,50,361750
20240101,14:08:39,1.5,300,361750
20240101,14:08:40,1.5,50,361750
20240101,14:08:41,1.5,1100,361750
20240101,14:08:42,1.5,150,361750
20240101,14:08:43,1.5,150,361750
20240101,14:08:44,1.5,800,361750
20240101,14:08:46,1.5,50,361750
20240101,14:08:47,1.55,1800,361750
20240101,14:08:48,1.55,2100,361750
20240101,14:08:49,1.5,1900,361750
20240101,14:08:51,1.5,50,361750
20240101,14:08:59,1.55,100,386800
20240101,14:09:00,1.6,1800,386800
20240101,14:09:02,1.5,50,386800
20240101,14:09:17,1.5,50,386800
20240101,14:09:19,1.5,50,386800
20240101,14:09:23,1.5,250,386800
20240101,14:09:30,1.5,1800,386800
20240101,14:09:40,1.5,1000,386800
20240101,14:09:42,1.5,2850,386800
20240101,14:09:43,1.5,150,386800
20240101,14:09:45,1.5,200,386800
20240101,14:09:46,1.55,1800,386800
20240101,14:09:59,1.45,1500,386800
20240101,14:10:04,1.45,2200,386800
20240101,14:10:05,1.45,900,386800
20240101,14:10:11,1.4,50,386800
20240101,14:10:13,1.4,1500,386800
20240101,14:10:15,1.4,1500,386800
20240101,14:10:16,1.4,1950,386800
20240101,14:10:17,1.4,1850,386800
20240101,14:10:18,1.4,400,386800
20240101,14:10:19,1.4,1400,386800
20240101,14:10:21,1.4,50,386800
20240101,14:10:23,1.4,250,386800
20240101,14:10:34,1.45,50,386800
20240101,14:10:35,1.4,50,386800
20240101,14:10:36,1.4,50,386800
20240101,14:10:52,1.4,1800,386800
20240101,14:10:55,1.4,3750,386800
20240101,14:10:58,1.45,1800,386800
20240101,14:10:59,1.45,2100,386800
20240101,14:11:00,1.45,2000,386800
20240101,14:11:01,1.45,3500,386800
20240101,14:11:03,1.45,3150,386800
20240101,14:11:13,1.5,4650,386800
20240101,14:11:14,1.5,2100,386800
20240101,14:11:16,1.5,1550,386800
20240101,14:11:18,1.55,50,386800
20240101,14:11:20,1.5,50,386800
20240101,14:11:23,1.55,1800,386800
20240101,14:11:26,1.55,350,386800
20240101,14:11:27,1.55,50,386800
20240101,14:11:29,1.55,2500,386800
20240101,14:11:30,1.5,50,386800
20240101,14:11:31,1.55,150,386800
20240101,14:11:32,1.5,50,386800
20240101,14:11:33,1.5,100,386800
20240101,14:11:42,1.5,100,386800
20240101,14:11:57,1.55,1500,386800
20240101,14:12:28,1.55,2550,399400
20240101,14:12:29,1.55,1800,399400
20240101,14:12:31,1.6,200,399400
20240101,14:12:33,1.6,7750,399400
20240101,14:12:36,1.55,150,399400
20240101,14:12:39,1.55,100,399400
20240101,14:12:41,1.55,100,399400
20240101,14:12:46,1.55,50,399400
20240101,14:12:52,1.65,11150,399400
20240101,14:12:55,1.6,1800,399400
20240101,14:12:58,1.55,50,399400
20240101,14:13:00,1.6,200,399400
20240101,14:13:02,1.65,1800,399400
20240101,14:13:03,1.6,150,399400
20240101,14:13:05,1.6,200,399400
20240101,14:13:11,1.6,1800,399400
20240101,14:13:12,1.6,750,399400
20240101,14:13:20,1.55,100,399400
20240101,14:13:25,1.55,1000,399400
20240101,14:13:49,1.6,1800,399400
20240101,14:13:59,1.6,4250,399400
20240101,14:14:05,1.55,200,399400
20240101,14:14:07,1.6,200,399400
20240101,14:14:10,1.6,50,399400
20240101,14:14:17,1.6,50,399400
20240101,14:14:27,1.55,50,399400
20240101,14:14:33,1.6,1800,399400
20240101,14:14:34,1.55,100,399400
20240101,14:14:41,1.55,1850,399400
20240101,14:14:45,1.6,50,399400
20240101,14:14:46,1.65,2300,399400
20240101,14:14:49,1.65,50,399400
20240101,14:14:58,1.65,1950,399400
20240101,14:14:59,1.6,2200,429350
20240101,14:15:00,1.65,50,429350
20240101,14:15:01,1.65,500,429350
20240101,14:15:03,1.65,50,429350
20240101,14:15:07,1.65,50,429350
20240101,14:15:11,1.65,50,429350
20240101,14:15:12,1.6,100,429350
20240101,14:15:13,1.7,1800,429350
20240101,14:15:15,1.65,50,429350
20240101,14:15:16,1.7,1800,429350
20240101,14:15:17,1.65,500,429350
20240101,14:15:21,1.6,50,429350
20240101,14:15:22,1.6,100,429350
20240101,14:15:26,1.6,500,429350
20240101,14:15:34,1.7,450,429350
20240101,14:15:44,1.65,250,429350
20240101,14:15:44,1.65,1200,429350
20240101,14:15:45,1.65,1200,429350
20240101,14:15:51,1.6,850,429350
20240101,14:15:52,1.65,300,429350
20240101,14:15:53,1.6,500,429350
20240101,14:15:58,1.6,200,429350
20240101,14:16:09,1.6,1100,429350
20240101,14:16:17,1.6,450,429350
20240101,14:16:21,1.65,1800,429350
20240101,14:16:25,1.65,50,429350
20240101,14:16:37,1.6,50,429350
20240101,14:16:38,1.7,50,429350
20240101,14:16:42,1.65,50,429350
20240101,14:16:46,1.6,300,429350
20240101,14:16:52,1.6,300,429350
20240101,14:17:24,1.65,250,429350
20240101,14:17:26,1.6,600,429350
20240101,14:17:46,1.6,50,429350
20240101,14:17:57,1.7,7700,429350
20240101,14:18:01,1.75,3400,440650
20240101,14:18:05,1.8,9500,440650
20240101,14:18:06,1.8,1900,440650
20240101,14:18:07,1.75,2100,440650
20240101,14:18:09,1.75,1800,440650
20240101,14:18:11,1.75,2250,440650
20240101,14:18:13,1.7,400,440650
20240101,14:18:14,1.8,1800,440650
20240101,14:18:15,1.75,800,440650
20240101,14:18:17,1.75,50,440650
20240101,14:18:18,1.75,50,440650
20240101,14:18:19,1.75,250,440650
20240101,14:18:20,1.8,2150,440650
20240101,14:18:23,1.7,600,440650
20240101,14:18:28,1.75,1850,440650
20240101,14:18:35,1.8,5850,440650
20240101,14:18:36,1.75,2700,440650
20240101,14:18:38,1.75,2950,440650
20240101,14:18:40,1.8,200,440650
20240101,14:18:45,1.8,1800,440650
20240101,14:18:46,1.8,200,440650
20240101,14:18:47,1.8,350,440650
20240101,14:18:48,1.8,850,440650
20240101,14:18:49,1.8,300,440650
20240101,14:18:50,1.8,1750,440650
20240101,14:18:51,1.8,150,440650
20240101,14:18:52,1.8,500,440650
20240101,14:18:54,1.8,1200,440650
20240101,14:18:57,1.8,900,440650
20240101,14:18:59,1.8,600,440650
20240101,14:19:11,1.8,250,440650
20240101,14:19:21,1.75,1100,440650
20240101,14:19:32,1.75,200,440650
20240101,14:19:52,1.7,750,440650
20240101,14:20:00,1.7,100,440650
20240101,14:20:03,1.7,600,440650
20240101,14:20:05,1.7,300,440650
20240101,14:20:09,1.7,100,440650
20240101,14:20:20,1.7,1000,440650
20240101,14:20:21,1.7,300,440650
20240101,14:20:39,1.7,100,440650
20240101,14:20:50,1.7,100,440650
20240101,14:20:52,1.7,100,440650
20240101,14:20:53,1.7,500,440650
20240101,14:20:58,1.7,750,440650
20240101,14:21:05,1.7,50,469850
20240101,14:21:19,1.7,50,469850
20240101,14:21:21,1.7,50,469850
20240101,14:21:22,1.7,1100,469850
20240101,14:21:23,1.7,600,469850
20240101,14:21:26,1.7,50,469850
20240101,14:21:27,1.7,100,469850
20240101,14:21:31,1.7,1500,469850
20240101,14:21:34,1.7,50,469850
20240101,14:21:35,1.7,50,469850
20240101,14:21:37,1.7,50,469850
20240101,14:21:41,1.65,500,469850
20240101,14:21:42,1.65,500,469850
20240101,14:21:43,1.65,100,469850
20240101,14:22:16,1.65,1800,469850
20240101,14:22:55,1.65,50,469850
20240101,14:22:58,1.65,500,469850
20240101,14:22:59,1.65,100,469850
20240101,14:23:01,1.65,50,469850
20240101,14:23:07,1.65,200,469850
20240101,14:23:11,1.65,1100,469850
20240101,14:23:21,1.65,400,469850
20240101,14:23:26,1.65,1100,469850
20240101,14:23:27,1.65,300,469850
20240101,14:23:28,1.65,50,469850
20240101,14:23:31,1.65,50,469850
20240101,14:23:39,1.65,50,469850
20240101,14:23:41,1.65,50,469850
20240101,14:23:42,1.65,50,469850
20240101,14:23:43,1.65,50,469850
20240101,14:23:44,1.65,50,469850
20240101,14:23:45,1.6,50,469850
20240101,14:23:46,1.65,50,469850
20240101,14:23:47,1.65,50,469850
20240101,14:23:48,1.65,50,469850
20240101,14:23:49,1.65,50,469850
20240101,14:23:51,1.65,50,469850
20240101,14:23:52,1.65,50,469850
20240101,14:23:53,1.6,100,469850
20240101,14:23:54,1.65,50,469850
20240101,14:23:56,1.65,50,469850
20240101,14:23:57,1.65,50,469850
20240101,14:23:58,1.65,50,469850
20240101,14:23:59,1.65,50,469850
20240101,14:24:01,1.65,50,467350
20240101,14:24:02,1.65,50,467350
20240101,14:24:04,1.65,100,467350
20240101,14:24:06,1.65,50,467350
20240101,14:24:07,1.65,50,467350
20240101,14:24:08,1.65,50,467350
20240101,14:24:09,1.65,50,467350
20240101,14:24:11,1.65,50,467350
20240101,14:24:12,1.65,50,467350
20240101,14:24:13,1.65,50,467350
20240101,14:24:14,1.65,50,467350
20240101,14:24:15,1.65,150,467350
20240101,14:24:16,1.65,50,467350
20240101,14:24:17,1.65,50,467350
20240101,14:24:19,1.65,100,467350
20240101,14:24:21,1.65,50,467350
20240101,14:24:22,1.65,50,467350
20240101,14:24:22,1.65,600,467350
20240101,14:25:08,1.65,50,467350
20240101,14:25:09,1.65,100,467350
20240101,14:25:11,1.65,50,467350
20240101,14:25:12,1.65,50,467350
20240101,14:25:14,1.65,50,467350
20240101,14:25:16,1.65,50,467350
20240101,14:25:17,1.65,50,467350
20240101,14:25:19,1.65,50,467350
20240101,14:25:21,1.65,50,467350
20240101,14:25:22,1.65,50,467350
20240101,14:25:24,1.65,100,467350
20240101,14:25:26,1.65,50,467350
20240101,14:25:27,1.65,50,467350
20240101,14:25:29,1.65,50,467350
20240101,14:25:31,1.65,50,467350
20240101,14:25:32,1.65,50,467350
20240101,14:25:34,1.65,50,467350
20240101,14:25:43,1.65,500,467350
20240101,14:25:52,1.65,50,467350
20240101,14:25:54,1.65,50,467350
20240101,14:25:57,1.65,50,467350
20240101,14:26:12,1.7,200,467350
20240101,14:26:17,1.65,100,467350
20240101,14:26:18,1.65,500,467350
20240101,14:26:35,1.65,300,467350
20240101,14:26:45,1.65,600,467350
20240101,14:27:22,1.65,200,467700
20240101,14:27:24,1.65,200,467700
20240101,14:27:41,1.65,500,467700
20240101,14:27:44,1.65,500,467700
20240101,14:27:45,1.65,100,467700
20240101,14:27:47,1.65,100,467700
20240101,14:28:57,1.65,100,467700
20240101,14:29:08,1.6,50,467700
20240101,14:29:19,1.6,100,467700
20240101,14:29:31,1.7,50,467700
20240101,14:29:35,1.6,100,467700
20240101,14:29:39,1.6,50,467700
20240101,14:29:48,1.65,50,467700
20240101,14:29:58,1.65,50,467700
20240101,14:30:00,1.65,50,467700
20240101,14:30:01,1.65,50,467800
20240101,14:30:03,1.65,50,467800
20240101,14:30:04,1.65,50,467800
20240101,14:30:08,1.6,250,467800
20240101,14:30:13,1.7,100,467800
20240101,14:30:23,1.65,300,467800
20240101,14:30:58,1.65,50,467800
20240101,14:31:16,1.7,1000,467800
20240101,14:32:13,1.65,5500,467800
20240101,14:32:52,1.6,100,467800
20240101,14:32:59,1.6,50,467800
20240101,14:33:17,1.6,100,467650
20240101,14:34:10,1.6,500,467650
20240101,14:34:11,1.6,50,467650
20240101,14:34:12,1.6,50,467650
20240101,14:34:14,1.6,50,467650
20240101,14:34:15,1.6,50,467650
20240101,14:34:16,1.6,50,467650
20240101,14:34:18,1.6,50,467650
20240101,14:34:19,1.6,50,467650
20240101,14:34:29,1.55,400,467650
20240101,14:34:33,1.55,650,467650
20240101,14:34:34,1.55,300,467650
20240101,14:34:36,1.55,2200,467650
20240101,14:34:51,1.6,700,467650
20240101,14:35:29,1.55,50,467650
20240101,14:35:50,1.6,100,467650
20240101,14:36:27,1.6,50,467650
20240101,14:36:40,1.6,200,467650
20240101,14:36:43,1.6,50,467650
20240101,14:36:44,1.65,200,467650
20240101,14:36:54,1.6,3300,467650
20240101,14:37:58,1.6,2000,467650
20240101,14:38:00,1.6,700,467650
20240101,14:38:01,1.6,1150,467650
20240101,14:38:27,1.6,1000,467650
20240101,14:39:27,1.55,1200,467650
20240101,14:39:30,1.55,400,466900
20240101,14:39:34,1.55,50,466900
20240101,14:40:10,1.55,6950,466900
20240101,14:40:49,1.55,700,466900
20240101,14:41:05,1.5,1100,466900
20240101,14:41:15,1.55,200,466900
20240101,14:41:29,1.55,50,466900
20240101,14:41:51,1.55,4750,466900
20240101,14:42:25,1.6,850,466900
20240101,14:42:33,1.55,5500,466650
20240101,14:42:39,1.6,50,466650
20240101,14:42:47,1.6,150,466650
20240101,14:42:49,1.65,1200,466650
20240101,14:43:02,1.7,1800,466650
20240101,14:43:03,1.7,150,466650
20240101,14:43:05,1.7,1000,466650
20240101,14:43:06,1.75,600,466650
20240101,14:43:08,1.7,50,466650
20240101,14:43:10,1.75,3650,466650
20240101,14:43:12,1.75,50,466650
20240101,14:43:13,1.75,300,466650
20240101,14:43:14,1.75,50,466650
20240101,14:43:15,1.75,600,466650
20240101,14:43:16,1.75,50,466650
20240101,14:43:24,1.75,2350,466650
20240101,14:43:25,1.75,300,466650
20240101,14:43:26,1.75,2600,466650
20240101,14:43:31,1.7,5500,466650
20240101,14:43:38,1.75,1800,466650
20240101,14:43:44,1.75,1800,466650
20240101,14:43:52,1.75,1800,466650
20240101,14:43:53,1.75,1050,466650
20240101,14:43:57,1.8,2150,466650
20240101,14:44:06,1.75,1450,466650
20240101,14:44:13,1.8,1000,466650
20240101,14:44:35,1.75,50,466650
20240101,14:44:38,1.75,50,466650
20240101,14:44:40,1.75,50,466650
20240101,14:44:41,1.75,950,466650
20240101,14:44:46,1.8,4200,466650
20240101,14:44:57,1.8,1800,466650
20240101,14:45:00,1.75,50,466650
20240101,14:45:24,1.75,100,488500
20240101,14:45:25,1.75,50,488500
20240101,14:45:27,1.75,50,488500
20240101,14:45:29,1.8,50,488500
20240101,14:45:39,1.8,800,488500
20240101,14:46:08,1.8,50,488500
20240101,14:46:29,1.75,50,488500
20240101,14:46:38,1.75,1800,488500
20240101,14:46:43,1.75,800,488500
20240101,14:46:45,1.75,1750,488500
20240101,14:46:47,1.75,1800,488500
20240101,14:46:49,1.75,1800,488500
20240101,14:46:53,1.75,1750,488500
20240101,14:47:14,1.75,1500,488500
20240101,14:47:17,1.75,50,488500
20240101,14:47:18,1.75,50,488500
20240101,14:47:20,1.75,50,488500
20240101,14:47:21,1.75,50,488500
20240101,14:47:22,1.75,50,488500
20240101,14:47:26,1.75,1700,488500
20240101,14:47:40,1.7,50,488500
20240101,14:47:54,1.7,50,488500
20240101,14:47:59,1.7,900,488500
20240101,14:48:45,1.7,150,488500
20240101,14:48:54,1.7,50,485450
20240101,14:48:56,1.7,3300,485450
20240101,14:49:31,1.75,750,485450
20240101,14:49:42,1.7,5700,485450
20240101,14:49:42,1.7,150,485450
20240101,14:49:44,1.7,300,485450
20240101,14:49:46,1.7,50,485450
20240101,14:49:51,1.7,1600,485450
20240101,14:49:54,1.65,400,485450
20240101,14:49:57,1.7,2650,485450
20240101,14:49:58,1.7,400,485450
20240101,14:50:15,1.75,2750,485450
20240101,14:50:15,1.75,2350,485450
20240101,14:50:23,1.8,1800,485450
20240101,14:50:25,1.7,1100,485450
20240101,14:50:27,1.75,1000,485450
20240101,14:50:29,1.85,4650,485450
20240101,14:50:32,1.85,2200,485450
20240101,14:51:11,1.8,1000,485450
20240101,14:51:16,1.8,300,489900
20240101,14:51:38,1.8,50,489900
20240101,14:51:42,1.75,400,489900
20240101,14:51:52,1.7,2000,489900
20240101,14:51:53,1.75,350,489900
20240101,14:51:54,1.75,1250,489900
20240101,14:51:55,1.75,4500,489900
20240101,14:52:22,1.8,50,489900
20240101,14:52:35,1.75,1000,489900
