date,time,tick_price,volume,open_interest
20240111,13:27:54,1.35,1900,2300
20240111,13:27:58,1.35,200,2300
20240111,13:28:02,1.35,200,2300
20240111,13:28:14,1.3,250,2300
20240111,13:28:23,1.35,50,2300
20240111,13:30:50,1.35,50,2300
20240111,13:35:44,1.4,800,2300
20240111,13:36:17,1.4,600,3100
20240111,15:09:30,1.4,800,3700
20240111,15:09:30,1.15,800,3700
20240111,15:12:18,1.2,250,3700
20240111,15:13:01,1.25,200,3700
20240111,15:13:55,1.3,250,3700
20240111,15:15:09,1.3,250,3700
20240111,15:15:31,1.3,700,3500
20240111,15:15:41,1.2,600,3500
20240111,15:17:58,1.3,200,3500
20240111,15:19:58,1.15,50,2900
20240111,15:24:02,1.25,300,2950
20240111,15:28:09,1.2,200,2650
20240111,15:28:16,1.15,150,2650
20240112,09:15:09,1.3,1,3000
20240112,09:15:09,1.3,700,3000
20240112,09:15:31,1.3,1400,3000
20240112,09:15:37,1.3,100,3000
20240112,09:15:45,1.25,300,3000
20240112,09:15:51,1.25,1700,3000
20240112,09:15:54,1.25,100,3000
20240112,09:16:00,1.25,200,3000
20240112,09:16:02,1.25,4800,3000
20240112,09:16:03,1.25,1400,3000
20240112,09:16:11,1.25,1250,3000
20240112,09:16:13,1.25,250,3000
20240112,09:16:14,1.25,50,3000
20240112,09:16:15,1.2,50,3000
20240112,09:16:18,1.2,1000,3000
20240112,09:16:26,1.2,50,3000
20240112,09:17:31,1.25,50,14700
20240112,09:17:47,1.2,300,14700
20240112,09:18:14,1.2,100,14700
20240112,09:18:29,1.15,500,14700
20240112,09:19:16,1.15,200,14700
20240112,09:19:24,1.2,500,14700
20240112,09:19:31,1.1,1000,14700
20240112,09:20:01,1.1,250,14700
20240112,09:20:22,1.15,250,14700
20240112,09:21:04,1.2,1000,15000
20240112,09:21:11,1.2,50,15000
20240112,09:21:33,1.2,1950,15000
20240112,09:21:43,1.2,950,15000
20240112,09:21:54,1.25,150,15000
20240112,09:22:10,1.25,50,15000
20240112,09:22:12,1.2,50,15000
20240112,09:22:13,1.2,50,15000
20240112,09:22:29,1.25,1800,15000
20240112,09:22:30,1.25,100,15000
20240112,09:22:32,1.25,50,15000
20240112,09:22:33,1.25,50,15000
20240112,09:22:36,1.25,100,15000
20240112,09:22:40,1.3,100,15000
20240112,09:22:55,1.3,50,15000
20240112,09:23:02,1.3,2050,15000
20240112,09:23:04,1.2,50,15000
20240112,09:23:36,1.3,500,15000
20240112,09:23:37,1.25,150,19750
20240112,09:23:44,1.35,50,19750
20240112,09:24:09,1.35,100,19750
20240112,09:24:10,1.35,1800,19750
20240112,09:24:18,1.35,2200,19750
20240112,09:24:38,1.35,100,19750
20240112,09:24:50,1.35,1900,19750
20240112,09:25:03,1.35,150,19750
20240112,09:25:05,1.4,1800,19750
20240112,09:25:08,1.4,2350,19750
20240112,09:25:19,1.4,100,19750
20240112,09:25:27,1.35,100,19750
20240112,09:25:56,1.4,850,19750
20240112,09:26:11,1.35,50,19750
20240112,09:26:24,1.45,50,28800
20240112,09:26:27,1.45,50,28800
20240112,09:26:28,1.45,2600,28800
20240112,09:26:29,1.45,1800,28800
20240112,09:26:34,1.45,850,28800
20240112,09:26:35,1.4,50,28800
20240112,09:26:36,1.4,50,28800
20240112,09:26:37,1.4,50,28800
20240112,09:26:38,1.4,50,28800
20240112,09:26:39,1.4,750,28800
20240112,09:26:43,1.4,50,28800
20240112,09:26:45,1.4,50,28800
20240112,09:26:52,1.4,500,28800
20240112,09:26:55,1.4,1900,28800
20240112,09:27:04,1.4,450,28800
20240112,09:27:05,1.45,2000,28800
20240112,09:27:10,1.5,2100,28800
20240112,09:27:15,1.45,1000,28800
20240112,09:27:26,1.4,500,28800
20240112,09:27:28,1.4,100,28800
20240112,09:27:29,1.45,1800,28800
20240112,09:27:50,1.4,250,28800
20240112,09:28:11,1.45,1800,28800
20240112,09:28:35,1.4,50,28800
20240112,09:29:19,1.4,150,28800
20240112,09:29:32,1.45,1800,40850
20240112,09:30:02,1.45,1800,40850
20240112,09:30:51,1.4,250,40850
20240112,09:31:26,1.45,2150,40850
20240112,09:31:26,1.5,1800,40850
20240112,09:31:27,1.45,100,40850
20240112,09:31:34,1.45,800,40850
20240112,09:31:53,1.5,1800,40850
20240112,09:32:04,1.5,350,40850
20240112,09:32:05,1.4,500,40850
20240112,09:33:02,1.45,250,49950
20240112,09:33:05,1.45,100,49950
20240112,09:33:41,1.4,250,49950
20240112,09:33:52,1.45,1800,49950
20240112,09:34:14,1.4,250,49950
20240112,09:34:33,1.4,50,49950
20240112,09:34:38,1.5,350,49950
20240112,09:34:42,1.5,1800,49950
20240112,09:34:44,1.45,150,49950
20240112,09:34:54,1.4,2250,49950
20240112,09:35:09,1.45,50,49950
20240112,09:35:22,1.45,500,49950
20240112,09:35:26,1.45,200,54150
20240112,09:35:54,1.4,850,54150
20240112,09:36:35,1.45,50,54150
20240112,09:37:02,1.4,300,54150
20240112,09:37:05,1.4,50,54150
20240112,09:38:32,1.4,50,54150
20240112,09:39:29,1.35,1400,53850
20240112,09:39:40,1.35,50,53850
20240112,09:39:49,1.4,200,53850
20240112,09:39:55,1.35,100,53850
20240112,09:40:19,1.35,50,53850
20240112,09:40:24,1.35,300,53850
20240112,09:41:01,1.35,50,53850
20240112,09:41:23,1.3,1100,54100
20240112,09:41:29,1.3,100,54100
20240112,09:41:34,1.3,100,54100
20240112,09:41:49,1.3,1550,54100
20240112,09:41:55,1.25,250,54100
20240112,09:41:56,1.3,50,54100
20240112,09:42:03,1.25,50,54100
20240112,09:43:38,1.25,50,54100
20240112,09:43:41,1.3,100,54100
20240112,09:44:00,1.3,250,54100
20240112,09:44:04,1.3,250,54100
20240112,09:44:11,1.3,500,54100
20240112,09:44:18,1.3,400,54100
20240112,09:44:20,1.3,3200,54100
20240112,09:44:21,1.35,350,54100
20240112,09:44:44,1.35,50,57250
20240112,09:44:45,1.35,50,57250
20240112,09:44:47,1.35,50,57250
20240112,09:44:53,1.35,50,57250
20240112,09:45:10,1.4,50,57250
20240112,09:45:12,1.35,50,57250
20240112,09:45:19,1.35,50,57250
20240112,09:45:27,1.35,200,57250
20240112,09:45:53,1.35,800,57250
20240112,09:46:41,1.35,50,57250
20240112,09:47:02,1.35,1250,57250
20240112,09:48:36,1.3,4850,56300
20240112,09:48:38,1.3,50,56300
20240112,09:48:39,1.3,50,56300
20240112,09:48:40,1.3,50,56300
20240112,09:48:41,1.3,50,56300
20240112,09:50:04,1.35,50,56300
20240112,09:51:34,1.3,50,57350
20240112,09:52:15,1.3,50,57350
20240112,09:52:32,1.3,50,57350
20240112,09:52:43,1.3,150,57350
20240112,09:52:59,1.3,50,57350
20240112,09:53:13,1.3,50,57350
20240112,09:53:16,1.35,50,57350
20240112,09:53:21,1.3,1350,57350
20240112,09:53:37,1.3,50,56900
20240112,09:53:41,1.3,50,56900
20240112,09:54:31,1.3,250,56900
20240112,09:54:44,1.3,250,56900
20240112,09:54:48,1.3,250,56900
20240112,09:55:04,1.3,300,56900
20240112,09:55:06,1.3,2400,56900
20240112,09:55:41,1.3,300,56900
20240112,09:55:43,1.35,50,56900
20240112,09:55:43,1.35,1800,56900
20240112,09:56:11,1.35,1800,56900
20240112,09:57:27,1.35,1800,62850
20240112,09:57:28,1.35,1800,62850
20240112,09:57:49,1.4,1450,62850
20240112,09:58:12,1.4,2000,62850
20240112,09:58:37,1.35,50,62850
20240112,09:58:58,1.35,50,62850
20240112,09:59:45,1.4,1200,62850
20240112,09:59:46,1.4,50,67650
20240112,10:00:19,1.45,1800,67650
20240112,10:00:49,1.45,50,67650
20240112,10:02:36,1.35,550,69300
20240112,10:02:55,1.4,50,69300
20240112,10:03:15,1.35,250,69300
20240112,10:03:19,1.4,150,69300
20240112,10:03:20,1.4,250,69300
20240112,10:03:41,1.4,500,69300
20240112,10:03:42,1.35,50,69300
20240112,10:03:59,1.4,250,69300
20240112,10:04:09,1.4,250,69300
20240112,10:04:31,1.4,250,69300
20240112,10:04:34,1.4,350,69300
20240112,10:04:49,1.45,1050,69300
20240112,10:04:53,1.45,1350,69300
20240112,10:04:54,1.5,1800,69300
20240112,10:05:10,1.5,150,69300
20240112,10:05:27,1.55,2050,72800
20240112,10:05:36,1.45,600,72800
20240112,10:06:13,1.45,200,72800
20240112,10:06:17,1.5,1000,72800
20240112,10:06:24,1.6,1800,72800
20240112,10:06:25,1.6,1800,72800
20240112,10:06:26,1.6,2000,72800
20240112,10:06:34,1.55,300,72800
20240112,10:06:47,1.5,250,72800
20240112,10:07:14,1.55,1800,72800
20240112,10:07:19,1.55,1800,72800
20240112,10:07:25,1.55,1800,72800
20240112,10:07:26,1.55,50,72800
20240112,10:07:29,1.55,450,72800
20240112,10:08:03,1.55,2050,72800
20240112,10:08:08,1.6,2100,72800
20240112,10:08:14,1.6,3600,72800
20240112,10:08:22,1.55,1000,72800
20240112,10:08:24,1.55,3150,72800
20240112,10:08:28,1.55,50,88900
20240112,10:08:48,1.5,750,88900
20240112,10:09:10,1.5,400,88900
20240112,10:09:11,1.5,1600,88900
20240112,10:09:12,1.55,150,88900
20240112,10:09:29,1.55,1500,88900
20240112,10:09:49,1.55,200,88900
20240112,10:10:27,1.6,250,88900
20240112,10:10:41,1.6,2000,88900
20240112,10:10:43,1.6,100,88900
20240112,10:11:07,1.55,1800,88900
20240112,10:11:22,1.55,1600,88900
20240112,10:11:36,1.55,400,94500
20240112,10:11:37,1.5,200,94500
20240112,10:12:17,1.6,1800,94500
20240112,10:13:13,1.5,3000,94500
20240112,10:13:13,1.5,6000,94500
20240112,10:13:14,1.5,1000,94500
20240112,10:13:20,1.5,50,94500
20240112,10:13:22,1.5,50,94500
20240112,10:13:25,1.5,300,94500
20240112,10:13:37,1.45,50,94500
20240112,10:14:28,1.45,100,96700
20240112,10:16:01,1.45,50,96700
20240112,10:16:32,1.45,3450,96700
20240112,10:18:38,1.5,300,96650
20240112,10:19:21,1.5,50,96650
20240112,10:19:27,1.45,350,96650
20240112,10:19:40,1.45,400,96650
20240112,10:19:55,1.4,300,96650
20240112,10:19:57,1.5,50,96650
20240112,10:19:58,1.5,50,96650
20240112,10:20:23,1.45,250,96650
20240112,10:20:27,1.45,300,96650
20240112,10:20:47,1.45,50,97550
20240112,10:20:54,1.45,300,97550
20240112,10:21:10,1.45,100,97550
20240112,10:21:12,1.45,650,97550
20240112,10:21:14,1.45,50,97550
20240112,10:21:15,1.45,50,97550
20240112,10:21:27,1.45,100,97550
20240112,10:21:35,1.4,50,97550
20240112,10:21:37,1.45,50,97550
20240112,10:21:39,1.45,250,97550
20240112,10:21:45,1.45,50,97550
20240112,10:21:58,1.4,2500,97550
20240112,10:22:17,1.45,50,97550
20240112,10:22:22,1.45,50,97550
20240112,10:22:34,1.4,500,97550
20240112,10:22:35,1.45,50,97550
20240112,10:26:01,1.35,500,99150
20240112,10:26:07,1.45,300,99150
20240112,10:26:10,1.45,300,99150
20240112,10:26:10,1.45,550,99150
20240112,10:26:14,1.45,2100,99150
20240112,10:26:19,1.45,50,99150
20240112,10:26:23,1.45,3100,99150
20240112,10:26:31,1.45,2100,100250
20240112,10:26:33,1.45,650,100250
20240112,10:26:37,1.45,1400,100250
20240112,10:26:47,1.4,500,100250
20240112,10:27:31,1.45,350,100250
20240112,10:27:38,1.45,50,100250
20240112,10:28:12,1.45,1100,100250
20240112,10:28:15,1.45,1800,100250
20240112,10:28:17,1.45,1150,100250
20240112,10:28:18,1.45,250,100250
20240112,10:28:18,1.5,2050,100250
20240112,10:28:22,1.5,50,100250
20240112,10:28:23,1.5,400,100250
20240112,10:28:30,1.5,650,100250
20240112,10:28:33,1.5,750,100250
20240112,10:28:47,1.5,1800,100250
20240112,10:28:52,1.55,4900,100250
20240112,10:28:52,1.55,9850,100250
20240112,10:28:54,1.55,400,100250
20240112,10:28:55,1.55,550,100250
20240112,10:29:07,1.55,450,100250
20240112,10:29:21,1.6,1800,100250
20240112,10:29:22,1.6,1800,100250
20240112,10:29:25,1.6,3650,100250
20240112,10:29:30,1.65,1800,124050
20240112,10:29:43,1.65,100,124050
20240112,10:29:45,1.6,150,124050
20240112,10:29:46,1.6,300,124050
20240112,10:29:48,1.55,1200,124050
20240112,10:30:12,1.65,1800,124050
20240112,10:30:45,1.6,800,124050
20240112,10:30:52,1.65,1800,124050
20240112,10:30:57,1.6,50,124050
20240112,10:31:00,1.6,1800,124050
20240112,10:31:05,1.6,1800,124050
20240112,10:31:10,1.6,1800,124050
20240112,10:31:14,1.65,1800,124050
20240112,10:31:15,1.6,650,124050
20240112,10:31:33,1.6,550,124050
20240112,10:31:50,1.6,2950,124050
20240112,10:31:55,1.65,1800,124050
20240112,10:31:57,1.65,1800,124050
20240112,10:32:00,1.65,1800,124050
20240112,10:32:02,1.6,4000,124050
20240112,10:33:19,1.6,1800,136650
20240112,10:33:20,1.55,10050,136650
20240112,10:33:32,1.55,550,136650
20240112,10:33:54,1.5,5050,136650
20240112,10:34:00,1.55,600,136650
20240112,10:34:15,1.55,350,136650
20240112,10:34:37,1.5,550,136650
20240112,10:34:43,1.5,500,136650
20240112,10:34:55,1.55,300,136650
20240112,10:34:56,1.55,250,136650
20240112,10:34:57,1.55,250,136650
20240112,10:34:59,1.55,350,136650
20240112,10:35:01,1.5,250,136650
20240112,10:35:03,1.55,250,136650
20240112,10:35:04,1.55,250,136650
20240112,10:35:05,1.55,300,136650
20240112,10:35:12,1.55,250,136650
20240112,10:35:16,1.55,300,136650
20240112,10:35:18,1.5,1950,136650
20240112,10:35:20,1.5,300,136650
20240112,10:35:28,1.55,50,136650
20240112,10:36:05,1.55,1800,142950
20240112,10:36:16,1.55,1800,142950
20240112,10:36:33,1.55,350,142950
20240112,10:36:33,1.55,250,142950
20240112,10:37:28,1.6,1800,142950
20240112,10:37:33,1.6,2600,142950
20240112,10:37:47,1.6,1750,142950
20240112,10:37:52,1.6,350,142950
20240112,10:37:53,1.6,1450,142950
20240112,10:38:09,1.6,1000,142950
20240112,10:38:15,1.6,800,142950
20240112,10:38:16,1.6,2000,142950
20240112,10:38:46,1.6,150,142950
20240112,10:39:47,1.65,1800,148900
20240112,10:39:48,1.65,1800,148900
20240112,10:39:56,1.65,1800,148900
20240112,10:40:03,1.65,100,148900
20240112,10:40:05,1.75,3950,148900
20240112,10:40:08,1.7,1500,148900
20240112,10:40:09,1.7,100,148900
20240112,10:40:11,1.75,1800,148900
20240112,10:40:15,1.75,1800,148900
20240112,10:40:34,1.75,250,148900
20240112,10:40:36,1.75,1800,148900
20240112,10:40:41,1.75,150,148900
20240112,10:40:49,1.8,1800,148900
20240112,10:40:58,1.85,500,148900
20240112,10:41:22,1.85,650,148900
20240112,10:41:30,1.85,1000,148900
20240112,10:41:38,1.8,300,148900
20240112,10:41:41,1.85,1800,162750
20240112,10:41:45,1.85,2000,162750
20240112,10:41:48,1.85,1800,162750
20240112,10:41:56,1.85,1800,162750
20240112,10:41:57,1.9,3850,162750
20240112,10:42:10,1.9,5400,162750
20240112,10:42:11,1.9,1850,162750
20240112,10:42:12,1.85,6050,162750
20240112,10:42:14,1.85,3500,162750
20240112,10:42:15,1.85,3150,162750
20240112,10:42:20,1.85,4550,162750
20240112,10:42:22,1.8,1800,162750
20240112,10:42:24,1.8,200,162750
20240112,10:42:31,1.8,1000,162750
20240112,10:42:35,1.8,500,162750
20240112,10:42:39,1.8,500,162750
20240112,10:42:40,1.85,1800,162750
20240112,10:42:56,1.85,2650,162750
20240112,10:43:09,1.85,3400,162750
20240112,10:43:10,1.9,1800,162750
20240112,10:43:11,1.9,1800,162750
20240112,10:43:30,1.8,1000,162750
20240112,10:43:41,1.85,200,162750
20240112,10:43:52,1.8,300,162750
20240112,10:44:12,1.9,4500,162750
20240112,10:44:42,1.85,1800,189600
20240112,10:44:50,1.8,50,189600
20240112,10:45:00,1.8,3200,189600
20240112,10:45:02,1.85,900,189600
20240112,10:45:13,1.85,750,189600
20240112,10:45:37,1.85,300,189600
20240112,10:45:58,1.8,1850,189600
20240112,10:46:12,1.8,50,189600
20240112,10:46:19,1.75,3100,189600
20240112,10:46:34,1.75,1000,189600
20240112,10:46:36,1.8,1000,189600
20240112,10:47:14,1.85,1650,189600
20240112,10:47:37,1.85,50,189600
20240112,10:48:07,1.8,100,192250
20240112,10:48:09,1.8,1800,192250
20240112,10:48:18,1.8,3200,192250
20240112,10:48:26,1.8,250,192250
20240112,10:48:34,1.8,1800,192250
20240112,10:48:39,1.8,150,192250
20240112,10:49:11,1.8,100,192250
20240112,10:49:11,1.8,950,192250
20240112,10:49:12,1.85,500,192250
20240112,10:49:58,1.85,50,192250
20240112,10:50:24,1.8,1050,192250
20240112,10:50:43,1.8,1750,193500
20240112,10:50:44,1.85,3600,193500
20240112,10:51:59,1.8,650,193500
20240112,10:53:09,1.8,500,193500
20240112,10:53:13,1.8,50,193500
20240112,10:53:14,1.8,150,193500
20240112,10:53:15,1.8,100,193500
20240112,10:53:38,1.85,800,193500
20240112,10:54:10,1.8,1300,198850
20240112,10:54:31,1.8,50,198850
20240112,10:55:57,1.75,250,198850
20240112,10:55:59,1.75,400,198850
20240112,10:56:28,1.75,2700,198850
20240112,10:56:31,1.75,750,198850
20240112,10:56:33,1.75,500,198850
20240112,10:56:36,1.75,550,200000
20240112,10:56:38,1.75,100,200000
20240112,10:56:41,1.75,100,200000
20240112,10:56:45,1.75,550,200000
20240112,10:56:48,1.7,50,200000
20240112,10:56:52,1.75,50,200000
20240112,10:57:49,1.75,100,200000
20240112,10:57:57,1.75,300,200000
20240112,10:58:00,1.75,250,200000
20240112,10:58:37,1.7,350,200000
20240112,10:58:57,1.75,250,200000
20240112,10:58:59,1.75,250,200000
20240112,10:59:30,1.75,250,200000
20240112,11:00:00,1.75,100,200000
20240112,11:00:00,1.75,50,202750
20240112,11:00:10,1.75,300,202750
20240112,11:00:13,1.75,1000,202750
20240112,11:00:23,1.75,50,202750
20240112,11:00:56,1.8,1800,202750
20240112,11:00:57,1.8,250,202750
20240112,11:01:11,1.8,3700,202750
20240112,11:01:38,1.75,2200,202750
20240112,11:02:11,1.8,2950,202750
20240112,11:02:21,1.8,9450,202750
20240112,11:02:27,1.8,4050,202750
20240112,11:03:14,1.85,1800,211950
20240112,11:05:01,1.85,1800,211950
20240112,11:05:10,1.85,1800,211950
20240112,11:05:17,1.85,1800,211950
20240112,11:05:21,1.85,2050,211950
20240112,11:05:23,1.85,1400,211950
20240112,11:05:58,1.85,50,217350
20240112,11:06:00,1.85,1150,217350
20240112,11:06:01,1.85,100,217350
20240112,11:08:15,1.85,3650,217350
20240112,11:08:15,1.85,6600,217350
20240112,11:08:20,1.85,400,217350
20240112,11:08:22,1.85,300,217350
20240112,11:08:34,1.9,2300,217350
20240112,11:09:01,1.9,50,214600
20240112,11:09:28,1.9,50,214600
20240112,11:09:31,1.8,50,214600
20240112,11:12:13,1.8,350,214600
20240112,11:12:21,1.8,700,214550
20240112,11:12:23,1.8,350,214550
20240112,11:16:50,1.75,650,214550
20240112,11:16:51,1.75,1300,214600
20240112,11:17:12,1.75,400,214600
20240112,11:17:13,1.75,250,214600
20240112,11:17:21,1.7,150,214600
20240112,11:17:30,1.75,250,214600
20240112,11:18:06,1.75,50,215500
20240112,11:18:33,1.75,250,215500
20240112,11:18:34,1.75,1000,215500
20240112,11:18:53,1.75,50,215500
20240112,11:19:10,1.8,1800,215500
20240112,11:19:58,1.8,150,215500
20240112,11:20:26,1.8,650,215500
20240112,11:20:27,1.8,50,215500
20240112,11:20:29,1.8,50,215500
20240112,11:20:31,1.8,50,215500
20240112,11:20:32,1.8,50,215500
20240112,11:20:34,1.8,50,215500
20240112,11:20:35,1.8,500,215500
20240112,11:20:44,1.8,50,217500
20240112,11:21:03,1.8,250,217500
20240112,11:24:23,1.85,50,217250
20240112,11:25:34,1.8,100,217250
20240112,11:25:41,1.8,200,217250
20240112,11:26:00,1.85,50,217250
20240112,11:26:36,1.8,250,217250
20240112,11:27:52,1.85,250,217250
20240112,11:27:53,1.85,150,217250
20240112,11:27:54,1.85,150,217250
20240112,11:27:55,1.85,1500,217250
20240112,11:27:59,1.85,300,217250
20240112,11:29:41,1.85,150,217250
20240112,11:31:01,1.85,4350,217250
20240112,11:33:12,1.85,200,217250
20240112,11:34:07,1.8,3600,217150
20240112,11:34:09,1.85,200,217150
20240112,11:36:37,1.8,50,217150
20240112,11:36:56,1.85,200,217500
20240112,11:36:57,1.85,2400,217500
20240112,11:36:58,1.85,1050,217500
20240112,11:37:15,1.9,50,217500
20240112,11:37:36,1.8,250,217500
20240112,11:37:47,1.8,50,217500
20240112,11:38:09,1.8,50,217500
20240112,11:38:42,1.9,100,217500
20240112,11:39:05,1.85,1150,217500
20240112,11:39:06,1.85,50,217500
20240112,11:39:07,1.85,150,217500
20240112,11:39:08,1.85,50,217500
20240112,11:39:09,1.85,50,217500
20240112,11:39:10,1.85,50,217500
20240112,11:39:13,1.85,50,217500
20240112,11:39:18,1.85,50,217500
20240112,11:39:35,1.85,50,217500
20240112,11:39:46,1.85,250,217500
20240112,11:40:12,1.9,1800,217500
20240112,11:42:46,1.9,1800,217500
20240112,11:43:06,1.9,50,217900
20240112,11:43:07,1.9,50,217900
20240112,11:43:08,1.95,1800,217900
20240112,11:43:09,1.95,50,217900
20240112,11:43:12,1.95,1800,217900
20240112,11:43:13,1.95,600,217900
20240112,11:43:36,1.95,200,217900
20240112,11:43:52,1.9,50,217900
20240112,11:44:34,1.95,200,217900
20240112,11:44:34,1.95,1800,217900
20240112,11:44:35,1.95,1000,217900
20240112,11:44:49,2.0,3650,222750
20240112,11:44:56,1.95,1050,222750
20240112,11:44:58,1.95,50,222750
20240112,11:45:07,1.95,500,222750
20240112,11:45:35,1.95,50,222750
20240112,11:45:48,1.95,50,222750
20240112,11:45:53,2.0,150,222750
20240112,11:46:04,2.0,1800,222750
20240112,11:46:14,2.0,1800,222750
20240112,11:46:48,2.05,1850,222750
20240112,11:46:49,2.0,100,222750
20240112,11:46:52,2.0,250,222750
20240112,11:46:53,2.0,50,222750
20240112,11:47:11,2.05,50,222750
20240112,11:47:15,2.0,50,222750
20240112,11:47:17,2.05,200,222750
20240112,11:47:18,2.05,800,222750
20240112,11:47:19,2.05,400,222750
20240112,11:47:21,2.0,250,222750
20240112,11:47:27,2.0,250,222750
20240112,11:48:18,2.0,200,228950
20240112,11:48:19,2.0,200,228950
20240112,11:48:23,2.05,1800,228950
20240112,11:48:24,2.0,200,228950
20240112,11:48:26,2.0,200,228950
20240112,11:48:30,2.0,100,228950
20240112,11:48:37,2.0,200,228950
20240112,11:48:40,2.0,200,228950
20240112,11:48:46,2.0,100,228950
20240112,11:49:14,2.0,100,228950
20240112,11:49:18,2.0,200,228950
20240112,11:49:20,2.0,50,228950
20240112,11:49:22,2.0,200,228950
20240112,11:49:36,2.05,50,228950
20240112,11:49:54,2.0,1600,228950
20240112,11:49:55,2.0,4000,228950
20240112,11:49:56,2.0,9200,228950
20240112,11:49:57,2.0,2400,228950
20240112,11:50:32,2.0,50,228950
20240112,11:50:37,2.0,50,228950
20240112,11:50:51,2.0,50,230750
20240112,11:50:56,2.0,300,230750
20240112,11:51:29,2.0,50,230750
20240112,11:52:10,2.05,1800,230750
20240112,11:53:41,2.0,100,230750
20240112,11:53:42,2.0,500,232550
20240112,11:53:43,2.0,50,232550
20240112,11:53:45,2.0,50,232550
20240112,11:53:55,1.95,1000,232550
20240112,11:54:07,1.95,1000,232550
20240112,11:54:08,1.95,1400,232550
20240112,11:54:08,1.95,200,232550
20240112,11:54:09,1.95,1000,232550
20240112,11:54:10,1.95,600,232550
20240112,11:54:11,1.95,1800,232550
20240112,11:54:12,1.95,1000,232550
20240112,11:54:36,1.95,50,232550
20240112,11:55:37,2.0,200,232550
20240112,11:55:59,2.0,50,232550
20240112,11:56:11,1.95,2300,232550
20240112,11:56:11,1.95,1550,232550
20240112,11:56:13,1.95,100,232550
20240112,11:56:16,1.95,50,232550
20240112,11:56:18,1.95,50,232550
20240112,11:56:21,1.95,50,232550
20240112,11:57:40,1.9,200,233950
20240112,11:57:41,1.95,50,233950
20240112,11:57:47,1.95,50,233950
20240112,12:01:13,1.95,250,233750
20240112,12:01:30,1.95,100,233750
20240112,12:01:35,1.95,50,233750
20240112,12:01:56,1.9,1200,233750
20240112,12:03:01,1.9,1000,233750
20240112,12:03:25,1.9,250,233750
20240112,12:03:32,1.85,150,233750
20240112,12:03:41,1.9,150,233750
20240112,12:03:42,1.85,50,233750
20240112,12:03:49,1.85,150,233750
20240112,12:03:52,1.85,100,233750
20240112,12:03:55,1.9,1000,233750
20240112,12:04:16,1.9,150,233750
20240112,12:04:18,1.9,50,233750
20240112,12:04:21,1.9,150,233750
20240112,12:04:28,1.8,300,233750
20240112,12:04:30,1.9,150,233750
20240112,12:04:31,1.8,150,233750
20240112,12:04:36,1.9,150,233750
20240112,12:04:42,1.9,600,233750
20240112,12:04:42,1.85,100,233750
20240112,12:04:51,1.9,450,233750
20240112,12:05:00,1.9,150,233750
20240112,12:05:01,1.9,450,233750
20240112,12:05:12,1.9,1050,233750
20240112,12:06:10,1.8,50,233750
20240112,12:07:37,1.9,100,235100
20240112,12:08:20,1.9,200,235100
20240112,12:08:55,1.85,350,235150
20240112,12:09:10,1.85,100,235150
20240112,12:09:22,1.85,100,235150
20240112,12:09:34,1.85,2400,235150
20240112,12:09:36,1.9,100,235150
20240112,12:14:12,1.8,50,235050
20240112,12:18:21,1.85,1750,235050
20240112,12:18:23,1.85,50,235050
20240112,12:18:53,1.9,50,235050
20240112,12:19:31,1.85,50,235050
20240112,12:20:09,1.85,50,235050
20240112,12:20:53,1.85,1800,235050
20240112,12:21:00,1.85,50,235050
20240112,12:21:14,1.85,50,235050
20240112,12:22:18,1.85,1800,235050
20240112,12:22:21,1.85,1850,235050
20240112,12:22:34,1.85,50,235050
20240112,12:22:37,1.85,50,235050
20240112,12:22:41,1.85,50,235050
20240112,12:23:32,1.85,500,235050
20240112,12:23:48,1.85,200,236550
20240112,12:23:51,1.85,50,236550
20240112,12:26:01,1.85,600,236550
20240112,12:26:04,1.85,50,236550
20240112,12:26:15,1.85,100,236550
20240112,12:34:15,1.85,50,236550
20240112,12:34:46,1.85,250,236900
20240112,12:34:47,1.85,550,236900
20240112,12:34:53,1.85,50,236900
20240112,12:35:00,1.85,50,236900
20240112,12:35:04,1.85,5500,236900
20240112,12:36:02,1.85,50,236850
20240112,12:36:13,1.85,50,236850
20240112,12:36:16,1.85,100,236850
20240112,12:37:07,1.85,50,236850
20240112,12:37:18,1.85,1000,236850
20240112,12:40:37,1.8,200,236850
20240112,12:41:40,1.85,50,236800
20240112,12:43:20,1.85,250,237000
20240112,12:44:45,1.85,50,237000
20240112,12:45:18,1.85,100,237000
20240112,12:45:47,1.85,600,237000
20240112,12:45:48,1.85,3600,237000
20240112,12:46:19,1.85,50,237000
20240112,12:46:20,1.85,400,237000
20240112,12:46:39,1.85,50,237000
20240112,12:47:05,1.8,300,237000
20240112,12:47:06,1.85,400,237000
20240112,12:47:08,1.85,400,237000
20240112,12:47:12,1.85,400,237000
20240112,12:47:16,1.85,400,237000
20240112,12:47:19,1.85,150,237000
20240112,12:49:49,1.85,250,235500
20240112,12:50:19,1.85,50,235500
20240112,12:50:20,1.85,250,235500
20240112,12:50:34,1.85,250,235500
20240112,12:50:40,1.85,250,235500
20240112,12:50:49,1.85,50,235500
20240112,12:51:34,1.85,100,235500
20240112,12:51:42,1.8,2500,236550
20240112,12:51:43,1.8,1350,236550
20240112,12:51:51,1.8,50,236550
20240112,12:51:57,1.85,300,236550
20240112,12:52:04,1.85,250,236550
20240112,12:52:14,1.85,250,236550
20240112,12:52:43,1.8,500,236550
20240112,12:52:44,1.8,2500,236550
20240112,12:52:45,1.8,2000,236550
20240112,12:52:55,1.85,50,236550
20240112,12:53:00,1.8,1750,236550
20240112,12:53:01,1.8,2800,236550
20240112,12:53:03,1.85,300,236550
20240112,12:53:23,1.8,1000,236550
20240112,12:53:46,1.8,150,236550
20240112,12:53:59,1.8,500,236550
20240112,12:54:15,1.8,4000,243800
20240112,12:54:23,1.8,1000,243800
20240112,12:54:38,1.85,250,243800
20240112,12:54:44,1.85,250,243800
20240112,12:54:46,1.85,250,243800
20240112,12:55:08,1.85,250,243800
20240112,12:55:29,1.85,1200,243800
20240112,12:55:30,1.85,2000,243800
20240112,12:55:36,1.85,700,243800
20240112,12:55:40,1.8,2250,243800
20240112,12:55:41,1.85,250,243800
20240112,12:55:42,1.85,250,243800
20240112,12:55:45,1.8,350,243800
20240112,12:55:46,1.85,4950,243800
20240112,12:55:47,1.85,5050,243800
20240112,12:55:53,1.85,1500,243800
20240112,12:55:54,1.85,2750,243800
20240112,12:55:55,1.85,350,243800
20240112,12:56:05,1.9,700,243800
20240112,12:56:08,1.8,100,243800
20240112,12:56:22,1.85,1000,243800
20240112,12:56:23,1.85,1000,243800
20240112,12:56:27,1.9,2000,243800
20240112,12:56:29,1.9,3600,243800
20240112,12:56:40,1.9,300,243800
20240112,12:57:27,1.95,650,241900
20240112,12:57:43,2.0,400,241900
20240112,12:57:44,2.0,1000,241900
20240112,12:57:45,2.0,1000,241900
20240112,12:57:46,2.0,1600,241900
20240112,12:58:03,2.0,1550,241900
20240112,12:58:03,2.0,1000,241900
20240112,12:58:04,2.0,50,241900
20240112,12:58:11,2.05,1800,241900
20240112,12:58:12,2.05,1800,241900
20240112,12:58:20,2.05,1200,241900
20240112,12:58:22,2.0,150,241900
20240112,12:58:24,2.05,400,241900
20240112,12:58:36,2.1,2050,241900
20240112,12:58:52,2.1,200,241900
20240112,12:58:56,2.1,1800,241900
20240112,12:59:17,2.1,50,241900
20240112,12:59:27,2.05,2350,241900
20240112,12:59:39,2.1,100,241900
20240112,12:59:47,2.05,50,241900
20240112,12:59:52,2.1,100,250000
20240112,12:59:59,2.05,2400,250000
20240112,12:59:59,2.05,400,250000
20240112,13:00:08,2.1,200,250000
20240112,13:00:09,2.1,400,250000
20240112,13:00:10,2.1,200,250000
20240112,13:00:13,2.1,200,250000
20240112,13:00:14,2.1,200,250000
20240112,13:00:15,2.1,200,250000
20240112,13:00:16,2.1,200,250000
20240112,13:00:17,2.1,200,250000
20240112,13:01:12,2.05,50,250000
20240112,13:02:36,2.1,1800,250000
20240112,13:03:09,2.1,2700,250000
20240112,13:03:59,2.15,1800,251850
20240112,13:04:08,2.15,600,251850
20240112,13:04:20,2.1,200,251850
20240112,13:05:40,2.15,900,251850
20240112,13:05:42,2.15,1900,251850
20240112,13:05:44,2.15,850,251850
20240112,13:05:49,2.15,50,251850
20240112,13:05:52,2.2,50,251850
20240112,13:05:53,2.2,200,251850
20240112,13:05:57,2.2,150,253900
20240112,13:06:26,2.25,4000,253900
20240112,13:08:01,2.25,150,253900
20240112,13:08:09,2.2,550,253900
20240112,13:08:10,2.2,50,253900
20240112,13:08:12,2.2,50,253900
20240112,13:08:13,2.25,800,253900
20240112,13:08:14,2.2,50,253900
20240112,13:08:15,2.2,50,253900
20240112,13:08:16,2.2,50,253900
20240112,13:08:17,2.2,50,253900
20240112,13:08:34,2.2,50,253900
20240112,13:08:50,2.2,50,253900
20240112,13:09:12,2.2,300,253900
20240112,13:09:20,2.2,50,252950
20240112,13:09:44,2.2,200,252950
20240112,13:09:47,2.2,500,252950
20240112,13:09:49,2.2,250,252950
20240112,13:10:22,2.2,2800,252950
20240112,13:10:23,2.2,5200,252950
20240112,13:10:44,2.2,50,252950
20240112,13:10:48,2.2,100,252950
20240112,13:11:39,2.2,50,252950
20240112,13:12:22,2.25,50,252950
20240112,13:12:31,2.2,300,252600
20240112,13:13:09,2.2,50,252600
20240112,13:13:37,2.2,50,252600
20240112,13:13:40,2.25,1800,252600
20240112,13:14:10,2.25,1800,252600
20240112,13:14:11,2.3,2500,252600
20240112,13:15:19,2.25,2000,256600
20240112,13:15:44,2.2,200,256600
20240112,13:15:55,2.3,1800,256600
20240112,13:16:07,2.3,1800,256600
20240112,13:16:09,2.35,4350,256600
20240112,13:19:38,2.35,1800,265600
20240112,13:19:42,2.35,100,265600
20240112,13:20:28,2.35,1800,265600
20240112,13:20:37,2.25,50,265600
20240112,13:20:40,2.25,100,265600
20240112,13:20:43,2.35,1800,265600
20240112,13:23:09,2.35,1800,270850
20240112,13:23:10,2.35,3600,270850
20240112,13:23:52,2.35,1800,270850
20240112,13:23:58,2.3,500,272900
20240112,13:25:42,2.35,1800,272900
20240112,13:25:43,2.35,1250,272900
20240112,13:25:47,2.4,50,272900
20240112,13:25:50,2.4,1800,272900
20240112,13:26:17,2.4,550,272900
20240112,13:26:18,2.35,50,272900
20240112,13:26:39,2.4,1800,272900
20240112,13:26:52,2.35,250,272900
20240112,13:26:57,2.35,1500,274750
20240112,13:27:05,2.35,1200,274750
20240112,13:27:06,2.35,300,274750
20240112,13:27:13,2.35,1000,274750
20240112,13:27:17,2.35,1000,274750
20240112,13:27:22,2.35,1500,274750
20240112,13:27:26,2.35,1800,274750
20240112,13:27:31,2.35,1500,274750
20240112,13:28:08,2.35,50,274750
20240112,13:28:14,2.35,50,274750
20240112,13:28:33,2.4,2800,274750
20240112,13:29:29,2.45,1800,274750
20240112,13:29:55,2.45,1800,274750
20240112,13:30:20,2.45,3000,274750
20240112,13:30:41,2.4,50,279800
20240112,13:30:44,2.4,50,279800
20240112,13:30:45,2.35,250,279800
20240112,13:30:46,2.4,50,279800
20240112,13:30:50,2.4,50,279800
20240112,13:30:55,2.4,50,279800
20240112,13:30:57,2.35,500,279800
20240112,13:30:58,2.35,1000,279800
20240112,13:31:02,2.35,2200,279800
20240112,13:31:04,2.35,50,279800
20240112,13:31:45,2.35,50,279800
20240112,13:31:49,2.35,50,279800
20240112,13:31:58,2.35,50,279800
20240112,13:32:01,2.35,50,279800
20240112,13:32:18,2.3,200,279800
20240112,13:32:23,2.3,550,279800
20240112,13:33:09,2.25,300,280100
20240112,13:33:10,2.25,600,280100
20240112,13:33:11,2.25,600,280100
20240112,13:33:12,2.25,600,280100
20240112,13:33:14,2.25,1500,280100
20240112,13:33:14,2.25,5600,280100
20240112,13:33:15,2.25,150,280100
20240112,13:33:29,2.25,600,280100
20240112,13:33:31,2.25,1500,280100
20240112,13:33:31,2.25,900,280100
20240112,13:33:39,2.25,200,280100
20240112,13:33:58,2.3,850,280100
20240112,13:33:58,2.3,50,280100
20240112,13:34:03,2.3,50,280100
20240112,13:34:04,2.3,250,280100
20240112,13:34:20,2.25,6350,280100
20240112,13:34:27,2.25,1650,280100
20240112,13:34:38,2.3,50,280100
20240112,13:35:05,2.3,50,280100
20240112,13:36:22,2.3,50,280100
20240112,13:37:18,2.25,350,285400
20240112,13:37:53,2.25,350,285400
20240112,13:37:56,2.25,350,285400
20240112,13:38:16,2.3,3000,285400
20240112,13:38:29,2.25,300,285400
20240112,13:38:33,2.25,300,285400
20240112,13:39:56,2.25,1200,285400
20240112,13:39:57,2.25,550,281900
20240112,13:40:11,2.3,1800,281900
20240112,13:40:49,2.3,3600,281900
20240112,13:41:07,2.3,1800,281900
20240112,13:41:08,2.25,50,281900
20240112,13:41:16,2.3,50,281900
20240112,13:41:18,2.35,300,281900
20240112,13:41:25,2.35,100,281900
20240112,13:41:31,2.35,2200,281900
20240112,13:41:37,2.4,300,281900
20240112,13:41:40,2.35,1900,281900
20240112,13:42:03,2.45,750,281900
20240112,13:42:07,2.45,150,291150
20240112,13:42:12,2.45,700,291150
20240112,13:42:13,2.5,1800,291150
20240112,13:42:14,2.5,1850,291150
20240112,13:42:27,2.45,1000,291150
20240112,13:42:29,2.5,1800,291150
20240112,13:42:31,2.45,50,291150
20240112,13:42:32,2.45,450,291150
20240112,13:42:33,2.45,50,291150
20240112,13:42:37,2.45,100,291150
20240112,13:42:43,2.5,2350,291150
20240112,13:42:47,2.45,200,291150
20240112,13:42:55,2.55,1000,291150
20240112,13:42:56,2.55,1600,291150
20240112,13:42:58,2.55,300,291150
20240112,13:42:59,2.55,150,291150
20240112,13:43:02,2.55,600,291150
20240112,13:43:08,2.6,1800,291150
20240112,13:43:44,2.6,1800,291150
20240112,13:44:12,2.6,1600,291150
20240112,13:44:23,2.55,50,291150
20240112,13:44:26,2.55,50,291150
20240112,13:44:44,2.55,200,291150
20240112,13:44:45,2.55,150,291150
20240112,13:44:58,2.5,250,291150
20240112,13:45:01,2.55,50,300200
20240112,13:45:09,2.55,50,300200
20240112,13:45:14,2.55,50,300200
20240112,13:45:14,2.5,250,300200
20240112,13:45:21,2.55,50,300200
20240112,13:45:25,2.55,1800,300200
20240112,13:45:42,2.5,100,300200
20240112,13:46:22,2.55,1800,300200
20240112,13:46:40,2.5,50,300200
20240112,13:47:28,2.55,50,300200
20240112,13:47:29,2.55,100,300200
20240112,13:47:30,2.55,150,300200
20240112,13:47:31,2.6,400,300200
20240112,13:47:32,2.6,100,300200
20240112,13:47:53,2.55,200,300200
20240112,13:48:25,2.5,1000,304150
20240112,13:48:50,2.6,50,304150
20240112,13:49:26,2.6,100,304150
20240112,13:49:29,2.5,50,304150
20240112,13:49:57,2.55,1850,304150
20240112,13:50:40,2.55,250,304150
20240112,13:50:41,2.55,50,304150
20240112,13:50:42,2.55,50,304150
20240112,13:50:43,2.55,50,304150
20240112,13:50:44,2.55,50,304150
20240112,13:50:46,2.55,50,304150
20240112,13:50:47,2.55,50,304150
20240112,13:50:48,2.55,50,304150
20240112,13:50:50,2.6,200,304150
20240112,13:53:02,2.6,50,302150
20240112,13:53:06,2.6,50,302150
20240112,13:53:07,2.6,50,302150
20240112,13:53:08,2.6,150,302150
20240112,13:53:12,2.6,50,302150
20240112,13:53:23,2.6,50,302150
20240112,13:53:35,2.6,50,302150
20240112,13:53:37,2.6,50,302150
20240112,13:53:44,2.6,1800,302150
20240112,13:54:32,2.65,100,302150
20240112,13:55:04,2.65,1800,304200
20240112,13:55:05,2.65,4200,304200
20240112,13:57:52,2.65,500,309300
20240112,13:58:54,2.6,50,309300
20240112,13:59:03,2.6,50,309300
20240112,13:59:21,2.6,50,309300
20240112,13:59:50,2.6,50,309300
20240112,13:59:51,2.6,50,309300
20240112,13:59:54,2.55,3000,309300
20240112,14:00:44,2.55,300,309100
20240112,14:00:48,2.55,350,309100
20240112,14:00:49,2.55,450,309100
20240112,14:00:50,2.55,250,309100
20240112,14:00:59,2.55,250,309100
20240112,14:01:04,2.55,250,309100
20240112,14:01:09,2.55,4800,309100
20240112,14:01:30,2.5,3200,309100
20240112,14:01:32,2.55,100,309100
20240112,14:01:45,2.5,1300,309100
20240112,14:02:06,2.5,1800,309100
20240112,14:02:07,2.5,2950,309100
20240112,14:02:08,2.5,50,309100
20240112,14:03:20,2.55,1800,305350
20240112,14:03:37,2.5,50,305350
20240112,14:03:40,2.5,50,305350
20240112,14:03:42,2.5,50,305350
20240112,14:04:06,2.5,1800,305350
20240112,14:04:30,2.5,1800,305350
20240112,14:04:39,2.5,2000,305350
20240112,14:05:29,2.5,1000,305350
20240112,14:05:42,2.45,3000,305350
20240112,14:05:51,2.45,550,305350
20240112,14:06:02,2.5,50,305350
20240112,14:06:18,2.5,250,309550
20240112,14:06:21,2.5,250,309550
20240112,14:06:23,2.5,250,309550
20240112,14:06:24,2.5,300,309550
20240112,14:06:38,2.4,300,309550
20240112,14:07:49,2.5,50,309550
20240112,14:08:06,2.4,250,309550
20240112,14:08:12,2.45,50,309550
20240112,14:08:14,2.4,250,309550
20240112,14:08:22,2.4,250,309550
20240112,14:08:27,2.4,50,309550
20240112,14:08:57,2.45,50,309550
20240112,14:10:02,2.4,400,309550
20240112,14:10:29,2.4,900,310500
20240112,14:11:40,2.4,100,310500
20240112,14:12:43,2.45,2000,309300
20240112,14:13:02,2.35,200,309300
20240112,14:13:11,2.4,300,309300
20240112,14:13:29,2.4,1750,309300
20240112,14:13:43,2.35,200,309300
20240112,14:13:46,2.4,250,309300
20240112,14:14:13,2.4,50,309300
20240112,14:14:43,2.4,1200,309300
20240112,14:14:44,2.4,1800,309300
20240112,14:15:03,2.4,50,309300
20240112,14:15:46,2.35,200,309300
20240112,14:16:51,2.35,50,309850
20240112,14:16:57,2.4,600,309850
20240112,14:16:58,2.4,2500,309850
20240112,14:16:59,2.4,200,309850
20240112,14:17:11,2.4,1650,309850
20240112,14:17:11,2.4,1200,309850
20240112,14:17:12,2.45,250,309850
20240112,14:18:38,2.35,50,309850
20240112,14:18:43,2.4,2200,309950
20240112,14:19:35,2.4,1000,309950
20240112,14:19:52,2.35,500,309950
20240112,14:20:20,2.35,200,309950
20240112,14:20:21,2.35,200,309950
20240112,14:20:23,2.35,500,309950
20240112,14:20:25,2.35,200,309950
20240112,14:21:25,2.35,50,309150
20240112,14:21:34,2.35,50,309150
20240112,14:21:38,2.35,50,309150
20240112,14:22:01,2.35,50,309150
20240112,14:26:16,2.35,50,309150
20240112,14:27:22,2.4,50,309100
20240112,14:27:33,2.45,200,309050
20240112,14:27:34,2.45,200,309050
20240112,14:27:35,2.45,200,309050
20240112,14:27:37,2.45,200,309050
20240112,14:27:42,2.45,200,309050
20240112,14:27:53,2.4,50,309050
20240112,14:28:15,2.4,650,309050
20240112,14:28:16,2.45,250,309050
20240112,14:28:32,2.45,250,309050
20240112,14:28:37,2.5,100,309050
20240112,14:28:38,2.45,500,309050
20240112,14:28:50,2.45,50,309050
20240112,14:29:10,2.45,250,309050
20240112,14:29:59,2.45,1000,309050
20240112,14:30:25,2.55,200,309450
20240112,14:32:11,2.45,200,309450
20240112,14:37:12,2.55,1400,309450
20240112,14:37:18,2.6,50,309450
20240112,14:37:54,2.55,50,309450
20240112,14:39:25,2.6,1700,310750
20240112,14:40:31,2.6,250,310750
20240112,14:40:38,2.6,1100,310750
20240112,14:40:53,2.6,100,310750
20240112,14:41:11,2.65,150,310750
20240112,14:41:34,2.65,100,310750
20240112,14:41:54,2.6,250,310750
20240112,14:41:56,2.6,300,310750
20240112,14:44:18,2.65,1350,308450
20240112,14:44:26,2.65,300,308450
20240112,14:44:35,2.65,850,308450
20240112,14:44:36,2.6,250,308450
20240112,14:44:43,2.6,250,308450
20240112,14:44:46,2.6,400,308450
20240112,14:45:05,2.6,750,308450
20240112,14:45:12,2.6,150,308450
20240112,14:45:15,2.6,150,308200
20240112,14:45:18,2.6,150,308200
20240112,14:45:20,2.6,50,308200
20240112,14:45:23,2.6,250,308200
20240112,14:45:25,2.6,300,308200
20240112,14:45:43,2.6,50,308200
20240112,14:45:47,2.6,800,308200
20240112,14:45:52,2.6,50,308200
20240112,14:46:08,2.6,250,308200
20240112,14:46:24,2.6,250,308200
20240112,14:46:29,2.6,250,308200
20240112,14:46:32,2.65,2550,308200
20240112,14:46:32,2.65,400,308200
20240112,14:46:52,2.6,600,308200
20240112,14:46:53,2.6,250,308200
20240112,14:46:57,2.65,50,308200
20240112,14:47:02,2.6,250,308200
20240112,14:47:04,2.6,300,308200
20240112,14:47:19,2.55,100,308200
20240112,14:47:24,2.55,1000,308200
20240112,14:47:30,2.55,1000,308200
20240112,14:47:42,2.55,500,308200
20240112,14:47:46,2.55,1000,308200
20240112,14:47:47,2.55,1000,308200
20240112,14:48:02,2.55,300,308200
20240112,14:48:04,2.55,150,308200
20240112,14:48:06,2.55,300,308200
20240112,14:48:14,2.55,50,306700
20240112,14:48:19,2.55,50,306700
20240112,14:48:33,2.55,50,306700
20240112,14:48:38,2.55,500,306700
20240112,14:48:42,2.55,50,306700
20240112,14:48:54,2.55,50,306700
20240112,14:48:57,2.55,50,306700
20240112,14:49:01,2.55,50,306700
20240112,14:49:24,2.55,50,306700
20240112,14:49:32,2.55,50,306700
20240112,14:49:43,2.55,600,306700
20240112,14:50:02,2.5,150,306700
20240112,14:50:13,2.45,150,306700
20240112,14:50:19,2.45,150,306700
20240112,14:50:56,2.45,300,306700
20240112,14:50:59,2.5,150,306700
20240112,14:51:02,2.45,800,306700
20240112,14:51:03,2.45,400,306700
20240112,14:51:04,2.5,150,306700
20240112,14:51:06,2.45,2100,306700
20240112,14:51:12,2.5,2700,307100
20240112,14:51:16,2.45,1750,307100
20240112,14:51:28,2.45,650,307100
20240112,14:51:30,2.4,500,307100
20240112,14:51:32,2.4,500,307100
20240112,14:51:33,2.45,1000,307100
20240112,14:51:35,2.45,250,307100
20240112,14:51:41,2.45,1300,307100
20240112,14:51:42,2.45,300,307100
20240112,14:52:15,2.45,250,307100
20240112,14:52:17,2.45,50,307100
20240112,14:52:38,2.4,900,307100
20240112,14:52:46,2.4,1450,307100
20240112,14:52:54,2.4,1950,307100
20240112,14:53:05,2.4,150,307100
20240112,14:53:55,2.4,50,307100
20240112,14:53:57,2.4,50,307100
20240112,14:53:58,2.4,300,307100
20240112,14:53:59,2.4,50,307100
20240112,14:54:02,2.4,250,307100
20240112,14:54:03,2.4,250,307100
20240112,14:54:14,2.4,50,307100
20240112,14:54:16,2.4,250,310350
20240112,14:54:22,2.4,50,310350
20240112,14:55:05,2.4,1800,310350
20240112,14:55:12,2.4,1550,310350
20240112,14:55:15,2.35,50,310350
20240112,14:55:54,2.35,200,310350
20240112,14:55:57,2.35,2250,310350
20240112,14:56:01,2.35,50,310350
20240112,14:56:03,2.35,50,310350
20240112,14:56:37,2.35,100,310350
20240112,14:56:48,2.35,250,310350
20240112,14:56:57,2.35,250,310350
20240112,14:57:34,2.35,50,310350
20240112,14:57:39,2.3,500,311000
20240112,14:57:54,2.3,2200,311000
20240112,14:57:55,2.3,100,311000
20240112,14:57:57,2.3,100,311000
20240112,14:57:58,2.3,550,311000
20240112,14:58:00,2.3,250,311000
20240112,14:58:26,2.25,900,311000
20240112,14:58:32,2.3,100,311000
20240112,14:58:55,2.3,250,311000
20240112,14:59:00,2.3,250,311000
20240112,14:59:04,2.3,1950,311000
20240112,14:59:40,2.3,1050,311000
20240112,14:59:40,2.3,100,311000
20240112,14:59:43,2.3,750,311000
20240112,15:00:03,2.3,250,311000
20240112,15:02:02,2.35,50,310100
20240112,15:03:42,2.25,1050,310150
20240112,15:03:43,2.25,800,310150
20240112,15:03:49,2.25,250,310150
20240112,15:04:32,2.2,1300,310150
20240112,15:04:44,2.2,100,310150
20240112,15:04:46,2.2,250,310150
20240112,15:04:47,2.2,50,310150
20240112,15:04:51,2.2,250,310150
20240112,15:05:02,2.15,500,310150
20240112,15:05:09,2.15,1300,310150
20240112,15:05:19,2.1,50,310150
20240112,15:05:34,2.1,500,310150
20240112,15:05:35,2.1,250,310150
20240112,15:05:36,2.1,250,310150
20240112,15:05:37,2.1,500,310150
20240112,15:06:17,2.15,1200,310750
20240112,15:06:18,2.15,300,310750
20240112,15:06:25,2.15,300,310750
20240112,15:06:26,2.15,450,310750
20240112,15:06:51,2.1,50,310750
20240112,15:07:00,2.1,3000,310750
20240112,15:07:01,2.1,1950,310750
20240112,15:07:22,2.05,1000,310750
20240112,15:07:24,2.05,250,310750
20240112,15:07:36,2.1,50,310750
20240112,15:07:38,2.1,50,310750
20240112,15:08:01,2.05,250,310750
20240112,15:08:02,2.05,550,310750
20240112,15:08:03,2.05,900,310750
20240112,15:08:08,2.0,1850,310750
20240112,15:08:11,2.0,1800,310750
20240112,15:08:24,2.0,3500,310750
20240112,15:08:25,2.0,2000,310750
20240112,15:08:46,2.0,1000,310750
20240112,15:09:27,2.05,1500,304950
20240112,15:09:31,2.05,250,304950
20240112,15:09:33,2.0,250,304950
20240112,15:09:41,2.05,800,304950
20240112,15:09:42,2.05,2200,304950
20240112,15:10:02,2.05,50,304950
20240112,15:10:03,2.0,50,304950
20240112,15:10:04,2.0,250,304950
20240112,15:10:14,2.0,50,304950
20240112,15:10:17,1.95,500,304950
20240112,15:10:29,1.95,250,304950
20240112,15:10:36,1.95,2400,304950
20240112,15:10:46,1.95,250,304950
20240112,15:10:52,1.95,300,304950
20240112,15:10:54,1.95,350,304950
20240112,15:11:13,1.9,1150,304950
20240112,15:11:29,1.85,50,304950
20240112,15:11:29,1.85,200,304950
20240112,15:11:36,1.9,50,304950
20240112,15:11:45,1.85,50,304950
20240112,15:12:08,1.85,250,304950
20240112,15:12:12,1.9,50,304950
20240112,15:12:19,1.85,1000,304200
20240112,15:12:31,1.85,500,304200
20240112,15:12:38,1.9,10150,304200
20240112,15:12:42,1.9,350,304200
20240112,15:12:52,1.9,2750,304200
20240112,15:12:54,1.95,200,304200
20240112,15:12:59,1.9,50,304200
20240112,15:13:11,1.9,50,304200
20240112,15:13:23,1.9,1000,304200
20240112,15:13:27,1.9,1000,304200
20240112,15:13:32,1.9,3350,304200
20240112,15:13:52,1.95,1800,304200
20240112,15:14:00,1.85,100,304200
20240112,15:14:03,1.85,300,304200
20240112,15:14:16,1.85,50,304200
20240112,15:14:19,1.85,800,304200
20240112,15:14:43,1.9,300,304200
20240112,15:15:05,1.9,1600,304200
20240112,15:16:10,1.9,1500,299900
20240112,15:16:12,1.9,1350,299900
20240112,15:16:13,1.95,500,299900
20240112,15:16:14,1.9,1000,299900
20240112,15:16:15,1.9,1000,299900
20240112,15:16:26,1.9,1000,299900
20240112,15:16:29,1.9,1000,299900
20240112,15:16:30,1.95,50,299900
20240112,15:16:36,1.95,200,299900
20240112,15:17:07,1.95,550,299900
20240112,15:17:11,1.9,500,299900
20240112,15:17:13,1.9,500,299900
20240112,15:17:14,1.95,400,299900
20240112,15:17:27,1.95,50,299900
20240112,15:17:52,1.9,2300,299900
20240112,15:17:53,1.9,100,299900
20240112,15:17:54,1.9,200,299900
20240112,15:18:42,1.95,250,305150
20240112,15:18:52,1.95,250,305150
20240112,15:19:05,1.95,250,305150
20240112,15:19:38,1.95,550,305150
20240112,15:19:42,1.95,1900,305150
20240112,15:20:02,1.9,50,305150
20240112,15:20:04,1.9,100,305150
20240112,15:21:25,1.95,100,303900
20240112,15:21:33,2.0,600,303900
20240112,15:21:53,2.05,50,303900
20240112,15:22:07,2.0,50,303900
20240112,15:22:08,2.1,450,303900
20240112,15:22:13,2.0,50,303900
20240112,15:22:15,2.0,400,303900
20240112,15:22:17,2.0,50,303900
20240112,15:23:24,2.0,1800,303900
20240112,15:23:25,2.0,1800,303900
20240112,15:23:41,1.95,1800,303900
20240112,15:23:47,2.0,2000,303900
20240112,15:24:02,2.0,200,303900
20240112,15:24:04,2.0,50,303900
20240112,15:24:13,1.95,1800,303900
20240112,15:24:14,2.0,250,303900
20240112,15:24:15,1.95,200,310400
20240112,15:24:17,2.0,750,310400
20240112,15:24:23,2.0,1000,310400
20240112,15:24:24,2.0,800,310400
20240112,15:24:30,2.0,1000,310400
20240112,15:24:45,2.0,250,310400
20240112,15:24:48,2.0,1950,310400
20240112,15:24:55,2.0,250,310400
20240112,15:25:00,2.0,250,310400
20240112,15:25:01,2.0,50,310400
20240112,15:25:05,2.0,850,310400
20240112,15:25:08,2.0,300,310400
20240112,15:25:09,1.95,200,310400
20240112,15:25:10,1.95,1600,310400
20240112,15:25:11,2.0,50,310400
20240112,15:25:40,2.0,250,310400
20240112,15:25:42,2.0,250,310400
20240112,15:25:43,2.0,1000,310400
20240112,15:25:44,2.0,100,310400
20240112,15:25:47,2.0,700,310400
20240112,15:25:54,2.0,250,310400
20240112,15:25:55,1.95,1000,310400
20240112,15:26:05,2.0,1850,310400
20240112,15:26:18,2.0,400,310400
20240112,15:26:19,2.0,50,310400
20240112,15:26:27,2.0,100,310400
20240112,15:26:28,2.0,1100,310400
20240112,15:27:13,2.05,1000,310400
20240112,15:27:24,2.0,50,304750
20240112,15:27:33,2.0,300,304750
20240112,15:27:35,2.05,1100,304750
20240112,15:27:42,2.1,900,304750
20240112,15:27:47,2.1,600,304750
20240112,15:27:52,2.05,50,304750
20240112,15:27:53,2.05,50,304750
20240112,15:28:14,2.1,300,304750
20240112,15:28:16,2.1,500,304750
20240112,15:28:22,2.05,300,304750
20240112,15:28:24,2.05,900,304750
20240112,15:28:25,2.05,450,304750
20240112,15:28:33,2.05,1000,304750
20240112,15:28:34,2.05,100,304750
20240112,15:28:38,2.05,200,304750
20240112,15:28:40,2.05,250,304750
20240112,15:28:41,2.0,1200,304750
20240112,15:28:42,2.05,550,304750
20240112,15:28:55,2.05,300,304750
20240112,15:28:56,2.15,250,304750
20240112,15:28:57,2.15,50,304750
20240112,15:29:18,2.1,100,304750
20240112,15:29:23,2.1,100,304750
20240112,15:29:24,2.0,500,304750
20240112,15:29:28,2.05,100,304750
20240112,15:29:34,1.95,2400,304750
20240112,15:29:35,2.05,100,304750
20240112,15:29:37,2.15,50,304750
20240112,15:29:46,2.15,500,304750
20240112,15:29:48,2.1,200,304750
20240112,15:29:54,1.95,100,304750
20240112,15:29:58,2.1,100,304750
20240115,09:15:00,2.1,1,303300
20240115,09:15:00,2.1,50,303300
20240115,09:15:02,2.15,350,303300
20240115,09:15:02,1.9,350,303300
20240115,09:15:03,2.0,300,303300
20240115,09:15:04,2.0,150,303300
20240115,09:15:05,2.0,100,303300
20240115,09:15:07,2.0,100,303300
20240115,09:15:08,2.0,200,303300
20240115,09:15:10,2.0,100,303300
20240115,09:15:11,2.0,50,303300
20240115,09:15:16,2.0,50,303300
20240115,09:15:17,1.9,1000,303300
20240115,09:15:23,1.85,150,303300
20240115,09:15:30,1.85,900,303300
20240115,09:15:32,1.85,1600,303300
20240115,09:15:34,1.85,2350,303300
20240115,09:15:35,1.85,1000,303300
20240115,09:15:39,1.85,800,303300
20240115,09:15:53,1.8,1000,303300
20240115,09:15:54,1.8,200,303300
20240115,09:15:55,1.8,400,303300
20240115,09:15:57,1.8,200,303300
20240115,09:16:02,1.75,250,303300
20240115,09:16:15,1.7,1000,303300
20240115,09:16:20,1.7,1600,303300
20240115,09:16:23,1.75,1800,303300
20240115,09:16:38,1.75,100,303300
20240115,09:17:33,1.65,3200,303300
20240115,09:17:35,1.6,50,303400
20240115,09:17:35,1.6,1100,303400
20240115,09:17:43,1.6,1600,303400
20240115,09:17:45,1.6,450,303400
20240115,09:17:46,1.6,300,303400
20240115,09:17:47,1.6,250,303400
20240115,09:17:48,1.6,600,303400
20240115,09:17:53,1.6,1400,303400
20240115,09:17:59,1.6,250,303400
20240115,09:18:00,1.6,250,303400
20240115,09:18:04,1.6,350,303400
20240115,09:18:05,1.55,450,303400
20240115,09:18:06,1.55,500,303400
20240115,09:18:08,1.6,500,303400
20240115,09:18:10,1.6,1850,303400
20240115,09:18:55,1.65,50,303400
20240115,09:19:01,1.6,150,303400
20240115,09:19:02,1.6,950,303400
20240115,09:19:14,1.6,300,303400
20240115,09:19:16,1.65,50,303400
20240115,09:19:24,1.65,1150,303400
20240115,09:19:26,1.65,100,303400
20240115,09:19:27,1.65,800,303400
20240115,09:19:41,1.65,1600,303400
20240115,09:19:42,1.65,800,303400
20240115,09:19:50,1.65,50,303400
20240115,09:20:17,1.7,2000,303400
20240115,09:20:18,1.7,50,303400
20240115,09:20:19,1.75,750,303400
20240115,09:20:31,1.7,50,309050
20240115,09:20:40,1.75,1800,309050
20240115,09:20:46,1.75,1800,309050
20240115,09:20:50,1.75,350,309050
20240115,09:20:51,1.75,400,309050
20240115,09:20:55,1.8,750,309050
20240115,09:21:00,1.8,100,309050
20240115,09:21:06,1.75,50,309050
20240115,09:21:09,1.75,50,309050
20240115,09:21:12,1.75,50,309050
20240115,09:21:31,1.8,150,309050
20240115,09:21:36,1.85,550,309050
20240115,09:21:53,1.8,250,309050
20240115,09:21:54,1.8,350,309050
20240115,09:21:57,1.8,750,309050
20240115,09:22:08,1.75,1950,309050
20240115,09:22:24,1.75,50,309050
20240115,09:22:27,1.75,1600,309050
20240115,09:22:29,1.75,150,309050
20240115,09:22:34,1.75,1000,309050
20240115,09:22:37,1.75,100,309050
20240115,09:22:50,1.8,100,309050
20240115,09:23:03,1.8,1000,309050
20240115,09:23:11,1.75,350,309050
20240115,09:23:23,1.75,250,309050
20240115,09:23:24,1.75,300,309050
20240115,09:23:25,1.75,600,309050
20240115,09:23:26,1.75,250,309050
20240115,09:23:31,1.75,250,308600
20240115,09:23:51,1.75,350,308600
20240115,09:23:58,1.75,250,308600
20240115,09:24:04,1.75,250,308600
20240115,09:24:06,1.75,50,308600
20240115,09:24:41,1.75,500,308600
20240115,09:24:43,1.8,50,308600
20240115,09:24:45,1.8,1800,308600
20240115,09:24:46,1.75,300,308600
20240115,09:24:49,1.8,700,308600
20240115,09:25:00,1.75,300,308600
20240115,09:25:03,1.75,250,308600
20240115,09:25:09,1.75,250,308600
20240115,09:25:10,1.75,250,308600
20240115,09:25:11,1.75,250,308600
20240115,09:25:12,1.75,50,308600
20240115,09:25:13,1.75,100,308600
20240115,09:25:25,1.75,300,308600
20240115,09:25:33,1.75,1600,308600
20240115,09:25:34,1.75,150,308600
20240115,09:25:45,1.7,600,308600
20240115,09:26:06,1.75,650,308600
20240115,09:26:09,1.7,150,308600
20240115,09:26:13,1.75,250,308600
20240115,09:26:32,1.7,1800,308600
20240115,09:26:39,1.7,1800,304700
20240115,09:26:49,1.7,1800,304700
20240115,09:26:58,1.7,1850,304700
20240115,09:27:09,1.75,50,304700
20240115,09:27:10,1.7,1200,304700
20240115,09:27:13,1.7,600,304700
20240115,09:28:27,1.75,600,304700
20240115,09:28:30,1.75,1800,304700
20240115,09:29:17,1.75,100,304700
20240115,09:29:37,1.75,1800,304700
20240115,09:29:41,1.75,1800,309400
20240115,09:29:43,1.75,1100,309400
20240115,09:29:46,1.75,1700,309400
20240115,09:29:50,1.75,700,309400
20240115,09:30:04,1.75,50,309400
20240115,09:30:06,1.75,1800,309400
20240115,09:30:14,1.75,350,309400
20240115,09:30:16,1.75,1600,309400
20240115,09:30:31,1.8,1800,309400
20240115,09:30:34,1.8,2700,309400
20240115,09:31:05,1.8,250,309400
20240115,09:31:28,1.8,250,309400
20240115,09:31:34,1.85,50,309400
20240115,09:32:00,1.8,50,309400
20240115,09:32:28,1.85,1200,309400
20240115,09:32:29,1.85,800,303800
20240115,09:32:33,1.85,1800,303800
20240115,09:32:34,1.85,200,303800
20240115,09:34:15,1.9,1800,303800
20240115,09:34:38,1.9,800,303800
20240115,09:34:39,1.85,50,303800
20240115,09:34:43,1.9,150,303800
20240115,09:35:20,1.9,1000,303800
20240115,09:35:53,1.9,650,303800
20240115,09:35:54,1.9,50,304100
20240115,09:35:55,1.9,50,304100
20240115,09:35:57,1.9,50,304100
20240115,09:35:59,1.9,50,304100
20240115,09:36:00,1.9,50,304100
20240115,09:36:03,1.9,50,304100
20240115,09:36:22,1.9,50,304100
20240115,09:36:41,1.9,1300,304100
20240115,09:36:56,1.85,300,304100
20240115,09:37:56,1.9,1900,304100
20240115,09:38:33,1.85,50,305850
20240115,09:38:51,1.9,2500,305850
20240115,09:39:07,1.95,1900,305850
20240115,09:39:35,1.9,200,305850
20240115,09:39:48,1.85,1800,305850
20240115,09:39:55,1.85,400,305850
20240115,09:40:03,1.85,50,305850
20240115,09:40:13,1.9,100,305850
20240115,09:40:14,1.9,2000,305850
20240115,09:40:38,1.9,500,305850
20240115,09:40:47,1.9,100,305850
20240115,09:40:49,1.9,900,305850
20240115,09:40:51,1.85,50,305850
20240115,09:41:29,1.85,900,308300
20240115,09:41:32,1.85,100,308300
20240115,09:41:52,1.85,1400,308300
20240115,09:42:31,1.85,200,308300
20240115,09:42:37,1.85,250,308300
20240115,09:42:45,1.85,250,308300
20240115,09:42:46,1.85,200,308300
20240115,09:42:53,1.85,250,308300
20240115,09:42:55,1.85,300,308300
20240115,09:43:00,1.85,250,308300
20240115,09:43:31,1.85,800,308300
20240115,09:44:41,1.8,1800,307700
20240115,09:44:44,1.85,250,307700
20240115,09:44:59,1.85,250,307700
20240115,09:45:00,1.85,50,307700
20240115,09:45:06,1.85,250,307700
20240115,09:45:17,1.85,50,307700
20240115,09:45:40,1.85,100,307700
20240115,09:45:43,1.85,100,307700
20240115,09:46:36,1.8,350,307700
20240115,09:46:40,1.8,850,307700
20240115,09:46:41,1.8,100,307700
20240115,09:46:43,1.8,50,307700
20240115,09:46:44,1.8,200,307700
20240115,09:47:06,1.8,100,307700
20240115,09:47:08,1.8,50,307700
20240115,09:47:09,1.8,50,307700
20240115,09:47:19,1.75,50,307700
20240115,09:48:00,1.85,19950,308300
20240115,09:48:01,1.85,500,308300
20240115,09:48:04,1.85,450,308300
20240115,09:48:10,1.85,5850,308300
20240115,09:48:15,1.9,1000,308300
20240115,09:48:23,1.85,400,308300
20240115,09:48:29,1.8,400,308300
20240115,09:48:59,1.8,900,308300
20240115,09:49:01,1.8,100,308300
20240115,09:49:18,1.8,250,308300
20240115,09:49:19,1.8,50,308300
20240115,09:49:22,1.8,50,308300
20240115,09:49:23,1.8,250,308300
20240115,09:49:29,1.75,50,308300
20240115,09:49:42,1.8,50,308300
20240115,09:49:47,1.8,50,308300
20240115,09:49:53,1.8,50,308300
20240115,09:50:43,1.8,250,308300
20240115,09:51:13,1.8,600,308750
20240115,09:51:14,1.8,600,308750
20240115,09:51:27,1.75,50,308750
20240115,09:51:49,1.85,50,308750
20240115,09:52:05,1.85,2100,308750
20240115,09:52:06,1.85,2700,308750
20240115,09:52:06,1.85,2550,308750
20240115,09:52:09,1.8,500,308750
20240115,09:52:13,1.85,2750,308750
20240115,09:52:14,1.85,900,308750
20240115,09:52:21,1.8,2100,308750
20240115,09:52:26,1.8,400,308750
20240115,09:52:38,1.8,2200,308750
20240115,09:52:54,1.75,350,308750
20240115,09:53:06,1.75,500,308750
20240115,09:53:08,1.75,500,308750
20240115,09:53:21,1.75,500,308750
20240115,09:53:55,1.8,50,308750
20240115,09:54:41,1.8,250,308850
20240115,09:54:46,1.75,450,308850
20240115,09:54:47,1.75,450,308850
20240115,09:54:56,1.75,450,308850
20240115,09:55:21,1.7,800,308850
20240115,09:55:24,1.7,2100,308850
20240115,09:55:41,1.65,1000,308850
20240115,09:56:04,1.7,300,308850
20240115,09:56:09,1.65,50,308850
20240115,09:56:10,1.65,200,308850
20240115,09:56:11,1.6,100,308850
20240115,09:56:12,1.6,150,308850
20240115,09:56:13,1.6,150,308850
20240115,09:56:14,1.6,200,308850
20240115,09:56:15,1.6,150,308850
20240115,09:56:16,1.6,50,308850
20240115,09:56:29,1.65,250,308850
20240115,09:56:56,1.65,1600,308850
20240115,09:56:57,1.65,2700,311800
20240115,09:57:26,1.65,50,311800
20240115,09:58:35,1.65,150,311800
20240115,10:00:23,1.6,50,311850
20240115,10:00:44,1.6,500,311850
20240115,10:02:19,1.6,250,311850
20240115,10:03:34,1.65,100,311550
20240115,10:04:34,1.6,100,311550
20240115,10:05:08,1.65,50,311550
20240115,10:05:21,1.65,250,311550
20240115,10:06:05,1.65,100,311600
20240115,10:06:06,1.65,100,311600
20240115,10:07:15,1.7,100,311600
20240115,10:07:23,1.7,50,311600
20240115,10:07:24,1.75,250,311600
20240115,10:07:58,1.75,500,311600
20240115,10:09:15,1.75,1500,311600
20240115,10:09:19,1.75,2450,311450
20240115,10:09:39,1.8,100,311450
20240115,10:09:40,1.75,300,311450
20240115,10:09:42,1.8,50,311450
20240115,10:09:59,1.75,50,311450
20240115,10:10:15,1.75,50,311450
20240115,10:10:48,1.75,1000,311450
20240115,10:11:05,1.75,50,311450
20240115,10:11:06,1.75,50,311450
20240115,10:11:07,1.75,50,311450
20240115,10:11:08,1.75,1800,311450
20240115,10:11:09,1.75,50,311450
20240115,10:11:12,1.75,200,311450
20240115,10:11:33,1.75,1800,311450
20240115,10:11:44,1.75,1800,309850
20240115,10:11:51,1.75,1800,309850
20240115,10:11:58,1.75,1800,309850
20240115,10:12:16,1.75,1800,309850
20240115,10:13:02,1.75,1800,309850
20240115,10:13:11,1.75,1000,309850
20240115,10:13:15,1.75,1000,309850
20240115,10:13:31,1.75,1000,309850
20240115,10:13:39,1.75,250,309850
20240115,10:14:17,1.75,1800,309850
20240115,10:14:19,1.75,100,309850
20240115,10:14:20,1.75,100,309850
20240115,10:14:29,1.75,1700,309850
20240115,10:14:36,1.75,100,309850
20240115,10:15:11,1.7,50,309850
20240115,10:15:15,1.75,50,309850
20240115,10:15:20,1.75,50,309850
20240115,10:15:26,1.75,50,309850
20240115,10:15:53,1.75,50,309850
20240115,10:16:55,1.75,50,309850
20240115,10:17:31,1.7,50,309850
20240115,10:18:11,1.7,1800,309850
20240115,10:18:24,1.7,1000,309850
20240115,10:18:26,1.7,1000,309850
20240115,10:18:39,1.65,50,309850
20240115,10:19:20,1.75,50,309850
20240115,10:21:06,1.75,50,310850
20240115,10:21:16,1.65,50,310850
20240115,10:22:42,1.7,100,310850
20240115,10:24:05,1.7,50,310950
20240115,10:24:07,1.7,1800,310950
20240115,10:24:11,1.7,100,310950
20240115,10:24:15,1.7,50,310950
20240115,10:24:21,1.7,3350,310950
20240115,10:24:25,1.75,50,310950
20240115,10:24:32,1.7,50,310950
20240115,10:24:33,1.7,50,310950
20240115,10:24:34,1.7,50,310950
20240115,10:24:37,1.7,50,310950
20240115,10:24:54,1.7,50,310950
20240115,10:24:59,1.7,50,310950
20240115,10:25:09,1.7,50,310950
20240115,10:25:16,1.7,50,310950
20240115,10:25:27,1.7,250,310950
20240115,10:26:05,1.65,50,310950
20240115,10:26:08,1.65,100,310950
20240115,10:26:10,1.65,50,310950
20240115,10:27:19,1.65,1350,310950
20240115,10:27:33,1.7,750,310950
20240115,10:27:34,1.7,6000,310950
20240115,10:27:35,1.7,1500,310950
20240115,10:27:36,1.7,750,310950
20240115,10:28:25,1.65,200,310950
20240115,10:29:50,1.65,50,310950
20240115,10:30:06,1.7,2250,310900
20240115,10:30:09,1.7,1500,310900
20240115,10:31:18,1.65,100,310900
20240115,10:32:03,1.7,250,310900
20240115,10:33:20,1.65,500,310900
20240115,10:35:22,1.7,1800,311100
20240115,10:35:23,1.7,1800,311100
20240115,10:35:24,1.7,1800,311100
20240115,10:35:25,1.7,400,311100
20240115,10:35:46,1.7,150,311100
20240115,10:36:54,1.7,1700,311100
20240115,10:37:01,1.7,1800,311100
20240115,10:37:34,1.7,250,311100
20240115,10:38:28,1.7,50,311100
20240115,10:38:29,1.7,50,311100
20240115,10:38:40,1.7,250,311100
20240115,10:38:43,1.7,50,310800
20240115,10:41:15,1.7,500,310800
20240115,10:41:36,1.7,50,310800
20240115,10:42:04,1.7,50,310800
20240115,10:42:15,1.7,50,310550
20240115,10:42:18,1.7,1800,310550
20240115,10:42:34,1.7,1500,310550
20240115,10:42:40,1.7,100,310550
20240115,10:42:42,1.7,50,310550
20240115,10:43:04,1.7,50,310550
20240115,10:43:12,1.7,50,310550
20240115,10:43:14,1.7,250,310550
20240115,10:43:25,1.7,1800,310550
20240115,10:43:38,1.7,1800,310550
20240115,10:43:47,1.7,250,310550
20240115,10:43:47,1.7,1400,310550
20240115,10:44:15,1.7,550,310550
20240115,10:44:43,1.75,50,310000
20240115,10:44:53,1.7,100,310000
20240115,10:44:57,1.7,200,310000
20240115,10:44:59,1.7,400,310000
20240115,10:45:06,1.7,200,310000
20240115,10:48:45,1.7,50,310000
20240115,10:51:15,1.7,500,310000
20240115,10:57:14,1.75,50,310000
20240115,10:57:44,1.75,1800,310000
20240115,10:57:51,1.75,1800,310000
20240115,10:57:55,1.75,1800,310000
20240115,10:58:11,1.75,1800,310000
20240115,10:58:14,1.75,2000,310000
20240115,10:58:18,1.75,300,310000
20240115,10:58:32,1.75,50,310000
20240115,10:58:33,1.75,50,310000
20240115,10:59:02,1.75,250,310000
20240115,11:02:04,1.8,250,309250
20240115,11:02:04,1.8,1100,309250
20240115,11:02:06,1.8,250,309250
20240115,11:04:14,1.75,50,309250
20240115,11:05:14,1.8,50,309250
20240115,11:05:21,1.75,1000,309250
20240115,11:08:06,1.75,50,308250
20240115,11:08:21,1.75,50,308250
20240115,11:09:21,1.8,1100,308250
20240115,11:09:23,1.8,1800,308250
20240115,11:09:24,1.8,1800,308250
20240115,11:09:25,1.8,1800,308250
20240115,11:09:41,1.8,1800,308250
20240115,11:09:47,1.8,1450,308250
20240115,11:13:15,1.85,50,306450
20240115,11:13:32,1.75,50,306450
20240115,11:15:15,1.8,2600,306450
20240115,11:16:35,1.8,50,306500
20240115,11:16:40,1.8,50,306500
20240115,11:16:55,1.85,1000,306500
20240115,11:16:57,1.85,150,306500
20240115,11:16:58,1.85,1400,306500
20240115,11:17:00,1.85,50,306500
20240115,11:17:05,1.85,50,306500
20240115,11:17:15,1.85,50,306500
20240115,11:17:31,1.85,1000,306500
20240115,11:17:34,1.85,1000,306500
20240115,11:17:55,1.85,100,304700
20240115,11:18:12,1.9,1800,304700
20240115,11:18:14,1.9,3300,304700
20240115,11:19:29,1.85,1800,304700
20240115,11:19:31,1.85,1450,304700
20240115,11:20:40,1.9,1000,304700
20240115,11:20:50,1.9,1800,307300
20240115,11:20:59,1.9,250,307300
20240115,11:21:49,1.9,250,307300
20240115,11:22:37,1.9,500,307300
20240115,11:23:50,1.9,50,307300
20240115,11:24:31,1.9,50,306700
20240115,11:26:04,1.9,1500,306700
20240115,11:26:14,1.9,1800,306700
20240115,11:26:21,1.9,100,306700
20240115,11:26:21,1.9,500,306700
20240115,11:26:25,1.9,100,306700
20240115,11:26:29,1.9,100,306700
20240115,11:26:32,1.9,200,306700
20240115,11:27:18,1.95,200,306650
20240115,11:27:24,1.9,600,306650
20240115,11:27:25,1.9,1000,306650
20240115,11:27:30,1.9,400,306650
20240115,11:27:47,1.9,200,306650
20240115,11:27:54,1.9,100,306650
20240115,11:28:24,1.9,200,306650
20240115,11:28:34,1.9,500,306650
20240115,11:29:19,1.9,50,306650
20240115,11:29:28,1.9,1800,306650
20240115,11:29:32,1.9,200,306650
20240115,11:29:36,1.9,1800,306650
20240115,11:29:52,1.9,800,306850
20240115,11:29:56,1.9,50,306850
20240115,11:29:56,1.9,300,306850
20240115,11:30:02,1.9,300,306850
20240115,11:30:02,1.9,150,306850
20240115,11:30:20,1.9,50,306850
20240115,11:30:27,1.9,100,306850
20240115,11:30:29,1.9,100,306850
20240115,11:30:31,1.9,100,306850
20240115,11:30:33,1.9,100,306850
20240115,11:31:05,1.9,50,306850
20240115,11:31:54,1.9,200,306850
20240115,11:32:02,1.9,300,306850
20240115,11:32:12,1.9,150,306850
20240115,11:32:15,1.9,150,306850
20240115,11:32:24,1.9,150,306850
20240115,11:32:27,1.9,50,306850
20240115,11:32:37,1.9,150,306850
20240115,11:32:48,1.9,800,306850
20240115,11:33:00,1.9,200,306800
20240115,11:33:06,1.9,2200,306800
20240115,11:33:12,1.9,100,306800
20240115,11:33:44,1.95,50,306800
20240115,11:34:41,1.9,200,306800
20240115,11:34:42,1.9,100,306800
20240115,11:35:32,1.9,150,306800
20240115,11:35:52,1.9,1800,306800
20240115,11:36:03,1.9,450,306900
20240115,11:36:05,1.9,100,306900
20240115,11:36:37,1.9,350,306900
20240115,11:37:01,1.9,250,306900
20240115,11:37:55,1.9,700,306900
20240115,11:39:06,1.85,100,308300
20240115,11:39:16,1.85,1800,308300
20240115,11:39:23,1.85,1800,308300
20240115,11:39:26,1.85,300,308300
20240115,11:39:41,1.85,300,308300
20240115,11:39:44,1.85,300,308300
20240115,11:39:47,1.85,150,308300
20240115,11:39:49,1.85,50,308300
20240115,11:39:52,1.85,50,308300
20240115,11:39:54,1.85,50,308300
20240115,11:39:56,1.85,50,308300
20240115,11:40:07,1.85,100,308300
20240115,11:40:09,1.85,100,308300
20240115,11:40:14,1.85,50,308300
20240115,11:40:24,1.9,50,308300
20240115,11:40:27,1.85,150,308300
20240115,11:40:29,1.85,50,308300
20240115,11:40:31,1.85,50,308300
20240115,11:40:33,1.85,50,308300
20240115,11:41:19,1.85,50,308300
20240115,11:41:21,1.85,50,308300
20240115,11:41:28,1.85,200,308300
20240115,11:41:29,1.85,100,308300
20240115,11:41:36,1.85,50,308300
20240115,11:42:13,1.85,50,310150
20240115,11:43:50,1.85,100,310150
20240115,11:45:44,1.9,50,310150
20240115,11:46:10,1.85,1450,310100
20240115,11:52:51,1.85,350,310100
20240115,11:58:15,1.9,1800,311200
20240115,11:58:15,1.9,1350,311250
20240115,11:58:16,1.95,1800,311250
20240115,11:58:47,1.95,3600,311250
20240115,11:59:09,1.9,50,311250
20240115,11:59:10,1.95,1850,311250
20240115,11:59:12,1.95,1800,311250
20240115,11:59:15,1.95,250,311250
20240115,11:59:17,1.95,100,311250
20240115,11:59:24,2.0,2600,311250
20240115,11:59:26,2.0,150,311250
20240115,11:59:32,2.0,350,311250
20240115,11:59:34,2.05,50,311250
20240115,11:59:44,2.0,50,311250
20240115,12:00:22,2.0,50,311250
20240115,12:00:22,2.0,50,315500
20240115,12:01:31,2.05,1800,315500
20240115,12:01:32,2.05,2650,315500
20240115,12:01:59,2.0,1800,315500
20240115,12:02:01,2.0,200,315500
20240115,12:02:27,2.0,1800,315500
20240115,12:02:32,2.0,200,315500
20240115,12:02:37,2.0,200,315500
20240115,12:02:54,2.0,400,314950
20240115,12:02:59,2.0,200,314950
20240115,12:03:00,2.0,200,314950
20240115,12:03:23,2.05,50,314950
20240115,12:04:23,2.05,600,314950
20240115,12:04:31,2.0,1800,314950
20240115,12:04:32,2.0,200,314950
20240115,12:04:48,2.0,500,314950
20240115,12:04:52,2.0,50,314950
20240115,12:04:57,2.0,50,314950
20240115,12:04:59,2.0,250,314950
20240115,12:05:00,2.0,50,314950
20240115,12:05:03,2.0,1800,314950
20240115,12:05:04,2.0,200,314950
20240115,12:05:05,2.0,250,314950
20240115,12:05:12,2.0,400,314950
20240115,12:05:23,2.0,1000,314950
20240115,12:05:25,2.0,200,314950
20240115,12:05:28,2.0,200,314950
20240115,12:05:39,2.0,550,314950
20240115,12:05:41,2.0,50,314950
20240115,12:05:43,2.0,500,314950
20240115,12:05:44,2.0,500,314950
20240115,12:05:46,2.0,250,314950
20240115,12:06:03,1.95,300,316900
20240115,12:06:04,1.95,100,316900
20240115,12:06:05,1.95,200,316900
20240115,12:06:52,1.95,50,316900
20240115,12:06:57,1.95,550,316900
20240115,12:07:07,1.95,50,316900
20240115,12:07:36,2.0,2000,316900
20240115,12:07:37,2.0,1400,316900
20240115,12:07:41,2.05,1800,316900
20240115,12:08:15,2.0,50,316900
20240115,12:08:34,2.0,1000,316900
20240115,12:08:48,2.0,50,316900
20240115,12:09:46,2.0,300,322250
20240115,12:09:47,2.05,1800,322250
20240115,12:09:48,2.05,1800,322250
20240115,12:10:00,2.05,200,322250
20240115,12:10:07,2.05,250,322250
20240115,12:10:32,2.05,50,322250
20240115,12:10:37,2.05,300,322250
20240115,12:10:42,2.05,50,322250
20240115,12:10:52,2.05,50,322250
20240115,12:10:56,2.05,1150,322250
20240115,12:11:04,2.05,250,322250
20240115,12:11:05,2.05,250,322250
20240115,12:11:06,2.05,250,322250
20240115,12:15:08,2.05,250,323200
20240115,12:15:35,2.0,300,323200
20240115,12:16:30,2.0,150,323200
20240115,12:16:32,2.0,100,323200
20240115,12:17:21,2.05,50,323200
20240115,12:17:27,2.05,100,323200
20240115,12:17:32,2.05,1000,323200
20240115,12:17:33,2.05,1950,323200
20240115,12:17:34,2.05,250,323200
20240115,12:17:37,2.05,300,323200
20240115,12:17:48,2.05,100,323200
20240115,12:17:55,2.0,50,323000
20240115,12:17:56,2.0,150,323000
20240115,12:17:57,2.0,100,323000
20240115,12:19:15,2.1,50,323000
20240115,12:19:37,2.05,50,323000
20240115,12:19:38,2.05,50,323000
20240115,12:20:21,2.05,50,323000
20240115,12:21:08,2.05,300,323000
20240115,12:21:29,2.05,850,322900
20240115,12:21:30,2.05,600,322900
20240115,12:22:02,2.05,50,322900
20240115,12:22:08,2.05,50,322900
20240115,12:23:16,2.1,1800,322900
20240115,12:23:18,2.1,1800,322900
20240115,12:23:20,2.1,1800,322900
20240115,12:23:21,2.1,2500,322900
20240115,12:23:22,2.1,100,322900
20240115,12:23:25,2.1,3200,322900
20240115,12:23:27,2.1,1900,322900
20240115,12:23:28,2.15,1500,322900
20240115,12:23:32,2.2,1800,322900
20240115,12:23:35,2.2,1200,322900
20240115,12:23:37,2.2,250,322900
20240115,12:23:43,2.2,1800,322900
20240115,12:23:59,2.1,2800,323500
20240115,12:24:04,2.1,850,323500
20240115,12:24:27,2.1,50,323500
20240115,12:25:07,2.15,250,323500
20240115,12:25:26,2.1,700,323500
20240115,12:25:27,2.1,1200,323500
20240115,12:25:52,2.15,850,323500
20240115,12:26:17,2.15,50,323500
20240115,12:27:22,2.15,500,323500
20240115,12:27:31,2.15,50,325250
20240115,12:27:46,2.15,50,325250
20240115,12:28:02,2.15,1400,325250
20240115,12:29:45,2.1,250,325250
20240115,12:31:23,2.1,200,325250
20240115,12:31:31,2.1,200,325250
20240115,12:31:33,2.1,200,325250
20240115,12:32:28,2.15,50,325250
20240115,12:32:43,2.15,50,325250
20240115,12:32:53,2.1,1200,325250
20240115,12:32:59,2.1,300,325300
20240115,12:33:15,2.15,50,325300
20240115,12:33:32,2.1,1800,325300
20240115,12:33:44,2.1,500,325300
20240115,12:33:45,2.1,1800,325300
20240115,12:33:46,2.1,1800,325300
20240115,12:33:47,2.1,1800,325300
20240115,12:33:48,2.15,50,325300
20240115,12:33:49,2.1,2800,325300
20240115,12:33:51,2.1,1900,325300
20240115,12:33:53,2.1,100,325300
20240115,12:33:54,2.05,1000,325300
20240115,12:33:55,2.1,250,325300
20240115,12:33:56,2.1,100,325300
20240115,12:33:58,2.1,50,325300
20240115,12:34:00,2.05,500,325300
20240115,12:34:03,2.05,100,325300
20240115,12:34:07,2.1,50,325300
20240115,12:34:13,2.1,350,325300
20240115,12:34:17,2.05,1800,325300
20240115,12:35:05,2.05,300,325300
20240115,12:35:08,2.05,100,325300
20240115,12:35:10,2.05,100,325300
20240115,12:35:13,2.05,50,325300
20240115,12:35:43,2.1,50,325300
20240115,12:35:56,2.05,50,325350
20240115,12:37:13,2.05,50,325350
20240115,12:37:35,2.05,150,325350
20240115,12:38:56,2.0,50,325350
20240115,12:39:23,2.0,50,325350
20240115,12:39:35,2.05,250,325350
20240115,12:40:04,2.05,1000,325350
20240115,12:40:10,2.05,350,325350
20240115,12:40:15,2.05,400,325350
20240115,12:41:27,2.0,50,325350
20240115,12:41:49,2.05,50,325350
20240115,12:41:56,2.05,50,325350
20240115,12:42:06,2.05,50,326000
20240115,12:42:19,2.05,50,326000
20240115,12:42:41,2.05,50,326000
20240115,12:47:03,2.0,100,326000
20240115,12:47:05,2.0,50,326000
20240115,12:47:07,2.0,150,326000
20240115,12:52:12,2.0,300,326000
20240115,12:55:29,2.0,400,326000
20240115,12:55:30,2.0,700,326000
20240115,12:56:43,2.05,50,326000
20240115,12:57:34,2.0,350,326500
20240115,12:57:43,2.0,2550,326500
20240115,12:57:52,2.0,600,326500
20240115,12:57:54,2.0,50,326500
20240115,12:57:55,2.0,1050,326500
20240115,12:58:05,2.0,1000,326500
20240115,12:58:14,2.0,950,326500
20240115,12:59:00,2.0,250,326500
20240115,12:59:05,2.0,1800,326500
20240115,12:59:32,2.0,50,326500
20240115,12:59:44,2.0,1800,326500
20240115,12:59:51,2.0,1600,326500
20240115,12:59:52,2.0,500,326500
20240115,12:59:53,2.0,50,326500
20240115,12:59:55,2.0,50,326500
20240115,13:00:15,2.0,1000,328600
20240115,13:00:17,2.0,50,328600
20240115,13:00:20,2.0,1000,328600
20240115,13:00:35,2.0,150,328600
20240115,13:00:45,2.0,50,328600
20240115,13:00:59,2.05,1800,328600
20240115,13:01:24,2.0,50,328600
20240115,13:01:26,2.05,1000,328600
20240115,13:02:53,2.05,50,328600
20240115,13:03:21,2.05,50,330450
20240115,13:03:24,2.05,50,330450
20240115,13:03:28,2.05,50,330450
20240115,13:03:29,2.05,50,330450
20240115,13:03:36,2.05,50,330450
20240115,13:03:39,2.05,1150,330450
20240115,13:03:46,2.05,50,330450
20240115,13:04:12,2.1,1800,330450
20240115,13:04:16,2.15,1800,330450
20240115,13:04:42,2.1,950,330450
20240115,13:05:17,2.1,300,330450
20240115,13:05:45,2.1,1500,330450
20240115,13:08:21,2.1,100,327700
20240115,13:09:06,2.1,400,327700
20240115,13:09:18,2.15,1800,327600
20240115,13:10:01,2.15,2600,327600
20240115,13:10:39,2.2,50,327600
20240115,13:12:09,2.15,700,326950
20240115,13:12:17,2.2,1800,326950
20240115,13:12:20,2.2,100,326950
20240115,13:13:11,2.2,350,326950
20240115,13:14:08,2.2,250,326950
20240115,13:15:17,2.25,3100,328000
20240115,13:16:58,2.25,750,328000
20240115,13:17:45,2.2,50,328000
20240115,13:17:56,2.25,700,328000
20240115,13:18:02,2.25,1350,329950
20240115,13:18:13,2.3,1000,329950
20240115,13:18:40,2.3,250,329950
20240115,13:19:54,2.25,300,329950
20240115,13:20:23,2.25,300,329950
20240115,13:22:46,2.25,1800,329950
20240115,13:22:48,2.25,1800,329950
20240115,13:22:50,2.25,550,329950
20240115,13:22:53,2.25,100,329950
20240115,13:22:54,2.25,100,329950
20240115,13:22:58,2.25,100,329950
20240115,13:23:00,2.25,100,329950
20240115,13:23:41,2.3,100,329950
20240115,13:24:18,2.25,1700,329950
20240115,13:24:56,2.3,1800,329950
20240115,13:28:27,2.3,100,329950
20240115,13:29:06,2.25,1800,329950
20240115,13:29:20,2.25,50,329950
20240115,13:29:28,2.25,1000,329950
20240115,13:29:46,2.25,200,329950
20240115,13:29:46,2.25,800,329950
20240115,13:31:01,2.25,1800,330050
20240115,13:31:25,2.25,200,330050
20240115,13:31:27,2.25,100,330050
20240115,13:31:29,2.25,200,330050
20240115,13:33:27,2.3,450,330050
20240115,13:34:03,2.25,50,330050
20240115,13:34:31,2.25,50,330050
20240115,13:34:38,2.25,50,330050
20240115,13:34:56,2.25,50,330050
20240115,13:35:35,2.25,1800,330050
20240115,13:35:38,2.25,200,330050
20240115,13:35:39,2.25,1800,330050
20240115,13:35:41,2.25,100,330050
20240115,13:35:43,2.25,100,330050
20240115,13:35:49,2.25,1800,330050
20240115,13:36:14,2.25,50,330100
20240115,13:36:17,2.25,50,330100
20240115,13:36:41,2.2,150,330100
20240115,13:36:42,2.2,1350,330100
20240115,13:36:52,2.2,150,330100
20240115,13:36:52,2.25,50,330100
20240115,13:37:14,2.25,50,330100
20240115,13:37:16,2.25,50,330100
20240115,13:37:25,2.25,50,330100
20240115,13:37:34,2.25,50,330100
20240115,13:37:47,2.25,50,330100
20240115,13:38:05,2.25,900,330100
20240115,13:38:15,2.25,50,330100
20240115,13:38:26,2.25,900,330100
20240115,13:39:40,2.25,50,330200
20240115,13:39:42,2.25,100,330200
20240115,13:39:44,2.25,450,330200
20240115,13:40:06,2.25,250,330200
20240115,13:40:16,2.2,100,330200
20240115,13:40:27,2.25,50,330200
20240115,13:40:36,2.25,1000,330200
20240115,13:41:11,2.25,400,330200
20240115,13:41:33,2.25,50,330200
20240115,13:41:36,2.25,1000,330200
20240115,13:41:48,2.25,50,330200
20240115,13:42:08,2.25,50,330200
20240115,13:44:52,2.25,50,330500
20240115,13:45:05,2.3,250,330500
20240115,13:45:08,2.25,50,330500
20240115,13:46:05,2.3,200,330500
20240115,13:46:38,2.3,1300,330500
20240115,13:47:35,2.3,50,330500
20240115,13:48:04,2.3,50,330500
20240115,13:48:08,2.3,700,330500
20240115,13:48:26,2.3,50,330500
20240115,13:48:30,2.3,1000,330500
20240115,13:48:31,2.3,1650,330500
20240115,13:48:34,2.3,50,330500
20240115,13:49:04,2.3,250,330500
20240115,13:49:13,2.3,250,330500
20240115,13:49:30,2.3,250,330500
20240115,13:50:01,2.3,600,330500
20240115,13:50:03,2.3,300,330500
20240115,13:50:04,2.3,250,330500
20240115,13:50:05,2.3,250,330500
20240115,13:50:10,2.3,250,330500
20240115,13:50:13,2.3,250,330500
20240115,13:50:16,2.3,250,330500
20240115,13:51:09,2.25,800,330600
20240115,13:51:12,2.25,100,330600
20240115,13:51:14,2.25,100,330600
20240115,13:51:16,2.25,100,330600
20240115,13:51:19,2.25,50,330600
20240115,13:51:55,2.3,200,330600
20240115,13:52:21,2.25,500,330600
20240115,13:53:21,2.3,150,330600
20240115,13:53:25,2.25,1700,330600
20240115,13:53:28,2.25,200,330600
20240115,13:53:31,2.3,1500,330600
20240115,13:53:39,2.3,1000,330600
20240115,13:53:49,2.3,2250,330600
20240115,13:53:59,2.3,500,330600
20240115,13:54:15,2.3,500,330600
20240115,13:54:34,2.25,50,330800
20240115,13:54:42,2.3,100,330800
20240115,13:56:30,2.3,50,330800
20240115,13:56:31,2.3,50,330800
20240115,13:56:32,2.3,50,330800
20240115,13:56:34,2.3,50,330800
20240115,13:56:35,2.3,50,330800
20240115,13:56:59,2.3,50,330800
20240115,13:57:13,2.35,650,330800
20240115,13:57:35,2.35,50,330800
20240115,13:58:16,2.35,100,330800
20240115,13:58:17,2.35,50,330800
20240115,13:58:18,2.35,50,330800
20240115,13:58:22,2.35,250,330800
20240115,13:58:23,2.35,50,330800
20240115,13:59:18,2.35,50,330800
20240115,13:59:24,2.35,50,330800
20240115,14:00:01,2.3,100,330800
20240115,14:00:30,2.35,50,330750
20240115,14:00:44,2.35,50,330750
20240115,14:00:45,2.35,50,330750
20240115,14:01:30,2.35,50,330750
20240115,14:01:43,2.35,250,330750
20240115,14:02:11,2.35,250,330750
20240115,14:02:46,2.35,1800,330750
20240115,14:02:50,2.35,50,330750
20240115,14:02:51,2.35,50,330750
20240115,14:02:52,2.35,50,330750
20240115,14:02:55,2.35,50,330750
20240115,14:04:33,2.35,350,330850
20240115,14:04:37,2.35,250,330850
20240115,14:05:27,2.4,100,330850
20240115,14:05:54,2.4,1600,330850
20240115,14:05:55,2.4,500,330850
20240115,14:06:31,2.45,100,330850
20240115,14:08:35,2.45,900,330850
20240115,14:08:43,2.45,500,330850
20240115,14:08:44,2.45,50,330850
20240115,14:08:55,2.5,50,330850
20240115,14:08:56,2.5,50,330850
20240115,14:09:02,2.45,800,330850
20240115,14:09:04,2.45,150,330850
20240115,14:09:06,2.45,50,330850
20240115,14:09:33,2.45,50,330750
20240115,14:09:34,2.45,500,330750
20240115,14:09:38,2.45,150,330750
20240115,14:09:50,2.45,50,330750
20240115,14:09:54,2.5,1250,330750
20240115,14:10:36,2.5,1800,330750
20240115,14:10:37,2.5,2200,330750
20240115,14:11:26,2.5,1000,330750
20240115,14:11:27,2.5,50,330750
20240115,14:11:28,2.5,50,330750
20240115,14:11:30,2.5,50,330750
20240115,14:11:35,2.5,50,330750
20240115,14:11:37,2.5,50,330750
20240115,14:11:42,2.5,1000,330750
20240115,14:11:53,2.45,3200,330750
20240115,14:11:55,2.45,800,330750
20240115,14:12:18,2.45,1600,330750
20240115,14:12:19,2.45,400,332100
20240115,14:12:47,2.5,200,332100
20240115,14:12:49,2.5,200,332100
20240115,14:12:52,2.5,200,332100
20240115,14:12:57,2.5,200,332100
20240115,14:12:58,2.5,800,332100
20240115,14:13:19,2.45,100,332100
20240115,14:13:25,2.5,1200,332100
20240115,14:13:36,2.5,100,332100
20240115,14:14:35,2.5,1500,332100
20240115,14:14:37,2.5,1500,332100
20240115,14:15:07,2.45,50,332100
20240115,14:15:24,2.45,200,332500
20240115,14:15:53,2.45,50,332500
20240115,14:15:56,2.45,100,332500
20240115,14:16:17,2.45,650,332500
20240115,14:16:18,2.5,50,332500
20240115,14:16:19,2.45,50,332500
20240115,14:16:20,2.45,50,332500
20240115,14:16:21,2.45,50,332500
20240115,14:18:25,2.45,100,332350
20240115,14:18:26,2.45,100,332350
20240115,14:18:28,2.45,50,332350
20240115,14:18:38,2.45,50,332350
20240115,14:18:47,2.45,50,332350
20240115,14:19:55,2.45,50,332350
20240115,14:20:13,2.45,200,332350
20240115,14:20:19,2.45,250,332350
20240115,14:20:36,2.45,550,332350
20240115,14:20:41,2.45,50,332350
20240115,14:20:42,2.45,50,332350
20240115,14:20:59,2.45,250,332350
20240115,14:21:35,2.45,100,332500
20240115,14:21:36,2.45,50,332500
20240115,14:21:39,2.45,50,332500
20240115,14:21:44,2.45,50,332500
20240115,14:21:45,2.4,1850,332500
20240115,14:21:47,2.4,200,332500
20240115,14:21:49,2.4,500,332500
20240115,14:21:50,2.4,650,332500
20240115,14:21:51,2.4,200,332500
20240115,14:21:52,2.4,1000,332500
20240115,14:21:53,2.4,200,332500
20240115,14:21:54,2.4,200,332500
20240115,14:21:56,2.4,200,332500
20240115,14:22:27,2.45,200,332500
20240115,14:22:40,2.45,250,332500
20240115,14:22:44,2.4,50,332500
20240115,14:23:33,2.4,200,332500
20240115,14:24:42,2.45,50,333200
20240115,14:24:57,2.4,200,333200
20240115,14:24:58,2.4,200,333200
20240115,14:25:08,2.45,50,333200
20240115,14:25:59,2.4,50,333200
20240115,14:26:07,2.45,1000,333200
20240115,14:26:36,2.45,50,333200
20240115,14:26:37,2.45,1000,333200
20240115,14:27:07,2.4,100,333200
20240115,14:27:10,2.4,50,333200
20240115,14:27:41,2.4,100,333200
20240115,14:27:44,2.4,100,332100
20240115,14:28:02,2.4,50,332100
20240115,14:28:06,2.4,100,332100
20240115,14:28:22,2.4,50,332100
20240115,14:28:23,2.4,150,332100
20240115,14:29:03,2.45,3500,332100
20240115,14:29:12,2.4,150,332100
20240115,14:29:29,2.4,100,332100
20240115,14:29:35,2.4,100,332100
20240115,14:29:45,2.4,100,332100
20240115,14:30:35,2.45,50,332100
20240115,14:30:57,2.45,250,330200
20240115,14:30:59,2.5,100,330200
20240115,14:31:15,2.45,200,330200
20240115,14:31:22,2.45,50,330200
20240115,14:31:30,2.4,100,330200
20240115,14:33:18,2.45,100,330200
20240115,14:33:25,2.45,100,330200
20240115,14:33:32,2.4,50,330200
20240115,14:33:37,2.45,100,330200
20240115,14:34:06,2.5,2850,330200
20240115,14:34:17,2.55,50,330200
20240115,14:34:59,2.55,1000,330200
20240115,14:35:23,2.45,750,330200
20240115,14:35:35,2.45,450,330200
20240115,14:35:43,2.4,200,330200
20240115,14:35:45,2.4,200,330200
20240115,14:35:47,2.4,200,330200
20240115,14:35:49,2.4,200,330200
20240115,14:35:53,2.4,100,330200
20240115,14:36:13,2.45,500,330200
20240115,14:36:16,2.4,50,331700
20240115,14:36:30,2.45,50,331700
20240115,14:36:47,2.45,1000,331700
20240115,14:36:53,2.45,50,331700
20240115,14:36:58,2.45,50,331700
20240115,14:37:01,2.4,1500,331700
20240115,14:39:49,2.45,50,333900
20240115,14:40:29,2.5,1800,333900
20240115,14:40:34,2.5,550,333900
20240115,14:41:01,2.5,1100,333900
20240115,14:41:18,2.5,50,333900
20240115,14:41:21,2.5,100,333900
20240115,14:41:23,2.5,250,333900
20240115,14:41:25,2.5,250,333900
20240115,14:41:26,2.5,100,333900
20240115,14:41:30,2.5,100,333900
20240115,14:41:44,2.5,250,333900
20240115,14:41:45,2.5,250,333900
20240115,14:41:56,2.5,250,333900
20240115,14:43:25,2.5,400,333550
20240115,14:46:05,2.5,100,333550
20240115,14:49:58,2.55,50,333550
20240115,14:50:04,2.55,50,333550
20240115,14:50:11,2.55,50,333550
20240115,14:52:46,2.5,700,333550
20240115,14:53:04,2.55,250,333550
20240115,14:53:26,2.5,50,333550
20240115,14:54:12,2.55,950,333550
20240115,14:54:12,2.55,100,333550
20240115,14:54:24,2.55,300,334300
20240115,14:55:08,2.55,50,334300
20240115,14:57:29,2.5,1200,333300
20240115,14:57:30,2.5,50,333300
20240115,14:57:31,2.5,600,333300
20240115,14:57:32,2.5,200,333300
20240115,14:57:33,2.45,100,333300
20240115,14:57:34,2.5,50,333300
20240115,14:57:35,2.45,100,333300
20240115,14:57:36,2.5,50,333300
20240115,14:57:38,2.45,100,333300
20240115,14:57:48,2.5,300,333300
20240115,14:57:52,2.5,250,333300
20240115,14:58:00,2.5,900,333300
20240115,14:58:07,2.5,1500,333300
20240115,14:58:14,2.5,1500,333300
20240115,14:58:21,2.5,1800,333300
20240115,14:58:23,2.5,200,333300
20240115,14:59:36,2.5,3700,333300
20240115,14:59:38,2.45,50,333300
20240115,15:00:16,2.5,1250,333300
20240115,15:00:28,2.5,4800,334650
20240115,15:00:30,2.45,100,334650
20240115,15:00:37,2.5,2150,334650
20240115,15:01:11,2.5,250,334650
20240115,15:01:18,2.5,250,334650
20240115,15:01:28,2.5,300,334650
20240115,15:02:21,2.45,50,334650
20240115,15:03:34,2.45,50,334650
20240115,15:03:46,2.45,50,334100
20240115,15:04:06,2.45,50,334100
20240115,15:04:33,2.45,150,334100
20240115,15:04:48,2.45,50,334100
20240115,15:04:54,2.45,50,334100
20240115,15:04:59,2.45,150,334100
20240115,15:05:05,2.45,550,334100
20240115,15:05:18,2.4,50,334100
20240115,15:06:37,2.5,50,334600
20240115,15:06:52,2.45,50,334600
20240115,15:11:33,2.45,250,334550
20240115,15:11:50,2.45,100,334550
20240115,15:13:01,2.5,750,334900
20240115,15:15:05,2.5,600,334900
20240115,15:16:21,2.45,250,334350
20240115,15:16:37,2.45,750,334350
20240115,15:16:49,2.45,150,334350
20240115,15:16:56,2.4,100,334350
20240115,15:18:01,2.4,200,334350
20240115,15:18:33,2.4,500,334800
20240115,15:18:34,2.4,200,334800
20240115,15:18:36,2.5,100,334800
20240115,15:18:37,2.4,700,334800
20240115,15:18:39,2.4,200,334800
20240115,15:18:51,2.4,50,334800
20240115,15:18:59,2.4,500,334800
20240115,15:19:12,2.4,200,334800
20240115,15:19:13,2.4,50,334800
20240115,15:19:14,2.4,200,334800
20240115,15:19:15,2.4,100,334800
20240115,15:19:17,2.4,450,334800
20240115,15:19:17,2.4,250,334800
20240115,15:19:20,2.4,200,334800
20240115,15:19:27,2.45,1500,334800
20240115,15:19:32,2.4,500,334800
20240115,15:19:38,2.4,200,334800
20240115,15:19:58,2.45,500,334800
20240115,15:20:00,2.4,400,334800
20240115,15:20:03,2.4,200,334800
20240115,15:20:04,2.4,150,334800
20240115,15:20:05,2.4,400,334800
20240115,15:20:08,2.4,50,334800
20240115,15:20:09,2.4,50,334800
20240115,15:20:10,2.4,50,334800
20240115,15:20:13,2.4,100,334800
20240115,15:20:14,2.4,100,334800
20240115,15:20:15,2.4,50,334800
20240115,15:20:16,2.45,3400,334800
20240115,15:20:17,2.45,50,334800
20240115,15:20:24,2.45,450,334800
20240115,15:20:25,2.45,50,334800
20240115,15:20:26,2.5,50,334800
20240115,15:20:41,2.45,50,334800
20240115,15:20:42,2.45,50,334800
20240115,15:20:49,2.45,50,334800
20240115,15:20:51,2.5,100,334800
20240115,15:20:52,2.5,100,334800
20240115,15:20:53,2.45,500,334800
20240115,15:20:57,2.45,50,334800
20240115,15:21:05,2.5,2800,334800
20240115,15:21:14,2.55,800,334800
20240115,15:21:17,2.5,500,334800
20240115,15:21:19,2.5,1600,333400
20240115,15:21:35,2.45,50,333400
20240115,15:21:36,2.45,100,333400
20240115,15:21:41,2.45,50,333400
20240115,15:21:42,2.45,50,333400
20240115,15:21:43,2.55,100,333400
20240115,15:21:45,2.5,1500,333400
20240115,15:22:06,2.5,100,333400
20240115,15:22:08,2.5,50,333400
20240115,15:22:18,2.5,200,333400
20240115,15:22:21,2.5,50,333400
20240115,15:22:26,2.5,50,333400
20240115,15:22:27,2.5,50,333400
20240115,15:22:29,2.55,50,333400
20240115,15:22:34,2.55,150,333400
20240115,15:22:35,2.55,50,333400
20240115,15:22:39,2.55,600,333400
20240115,15:23:03,2.6,2900,333400
20240115,15:23:05,2.65,100,333400
20240115,15:23:06,2.65,50,333400
20240115,15:23:07,2.6,150,333400
20240115,15:23:08,2.6,150,333400
20240115,15:23:09,2.6,50,333400
20240115,15:23:13,2.65,100,333400
20240115,15:23:14,2.6,50,333400
20240115,15:23:15,2.6,50,333400
20240115,15:23:18,2.6,200,333400
20240115,15:23:19,2.6,200,333400
20240115,15:23:22,2.6,100,333400
20240115,15:23:28,2.6,500,333400
20240115,15:23:30,2.6,150,333400
20240115,15:23:33,2.6,50,333400
20240115,15:23:37,2.6,50,333400
20240115,15:23:38,2.6,200,333400
20240115,15:23:39,2.6,100,333400
20240115,15:23:40,2.6,50,333400
20240115,15:23:41,2.6,50,333400
20240115,15:23:46,2.6,50,333400
20240115,15:23:47,2.6,50,333400
20240115,15:23:54,2.6,50,333400
20240115,15:23:56,2.6,50,333400
20240115,15:24:18,2.6,50,333400
20240115,15:24:24,2.6,50,334250
20240115,15:24:25,2.6,50,334250
20240115,15:24:26,2.6,100,334250
20240115,15:24:43,2.6,50,334250
20240115,15:24:49,2.6,200,334250
20240115,15:24:51,2.65,50,334250
20240115,15:25:17,2.6,50,334250
20240115,15:25:43,2.7,100,334250
20240115,15:25:51,2.7,50,334250
20240115,15:26:07,2.65,1000,334250
20240115,15:26:36,2.65,500,334250
20240115,15:26:54,2.7,3400,334250
20240115,15:27:01,2.7,400,334250
20240115,15:27:13,2.75,500,334250
20240115,15:27:15,2.75,600,334250
20240115,15:27:41,2.75,1000,330150
20240115,15:27:42,2.8,1700,330150
20240115,15:27:43,2.8,500,330150
20240115,15:27:44,2.8,100,330150
20240115,15:27:46,2.8,450,330150
20240115,15:27:50,3.0,900,330150
20240115,15:27:52,3.0,600,330150
20240115,15:27:53,2.95,200,330150
20240115,15:27:57,2.8,300,330150
20240115,15:27:58,2.75,350,330150
20240115,15:28:01,2.9,100,330150
20240115,15:28:08,2.8,100,330150
20240115,15:28:12,2.85,100,330150
20240115,15:28:15,2.8,50,330150
20240115,15:28:29,2.8,200,330150
20240115,15:28:31,2.85,100,330150
20240115,15:28:34,2.8,500,330150
20240115,15:28:34,2.8,200,330150
20240115,15:28:37,2.8,100,330150
20240115,15:28:46,2.75,400,330150
20240115,15:28:59,2.75,50,330150
20240115,15:29:00,2.75,50,330150
20240115,15:29:01,2.75,400,330150
20240115,15:29:02,2.75,100,330150
20240115,15:29:03,2.75,50,330150
20240115,15:29:04,2.75,1250,330150
20240115,15:29:06,2.75,300,330150
20240115,15:29:11,2.75,50,330150
20240115,15:29:13,2.8,50,330150
20240115,15:29:20,2.8,400,330150
20240115,15:29:26,2.65,500,330150
20240115,15:29:30,2.0,1100,330150
20240115,15:29:32,2.6,50,330150
20240115,15:29:36,2.6,600,330150
20240115,15:29:39,2.6,200,330150
20240115,15:29:40,2.6,50,330150
20240115,15:29:40,2.3,50,330150
20240115,15:29:41,2.25,100,330150
20240115,15:29:48,2.25,50,330150
20240115,15:29:48,2.15,500,330150
20240115,15:29:57,2.8,50,330150
20240116,09:15:00,2.8,1,329450
20240116,09:15:00,2.8,100,329450
20240116,09:15:01,1.75,50,329450
20240116,09:15:02,1.75,400,329450
20240116,09:15:03,2.85,1150,329450
20240116,09:15:04,2.85,50,329450
20240116,09:15:06,1.75,100,329450
20240116,09:15:07,1.75,50,329450
20240116,09:15:08,1.75,200,329450
20240116,09:15:09,1.65,200,329450
20240116,09:15:11,1.65,300,329450
20240116,09:15:12,1.65,50,329450
20240116,09:15:13,1.7,1450,329450
20240116,09:15:15,1.8,3900,329450
20240116,09:15:16,1.85,250,329450
20240116,09:15:17,1.85,900,329450
20240116,09:15:19,1.85,100,329450
20240116,09:15:20,1.85,100,329450
20240116,09:15:24,1.85,900,329450
20240116,09:15:27,1.85,200,329450
20240116,09:15:28,2.0,50,329450
20240116,09:15:47,1.95,50,329450
20240116,09:15:57,1.9,50,329450
20240116,09:16:00,1.9,400,329450
20240116,09:16:04,1.9,300,329450
20240116,09:16:08,1.9,50,329450
20240116,09:16:09,1.9,600,329450
20240116,09:16:13,1.9,500,329450
20240116,09:16:14,1.95,50,329450
20240116,09:16:18,1.95,100,329450
20240116,09:16:23,1.95,300,329450
20240116,09:16:49,1.95,100,329450
20240116,09:16:56,1.95,400,329450
20240116,09:16:58,1.9,1900,329450
20240116,09:17:09,1.9,50,329450
20240116,09:17:11,1.95,1000,329450
20240116,09:17:13,1.95,50,329450
20240116,09:17:17,1.95,1000,329450
20240116,09:17:41,1.95,100,329450
20240116,09:17:42,1.95,50,329300
20240116,09:17:52,1.95,1200,329300
20240116,09:18:15,1.95,2100,329300
20240116,09:18:15,2.0,250,329300
20240116,09:18:18,1.95,250,329300
20240116,09:18:28,1.95,100,329300
20240116,09:18:45,2.0,1900,329300
20240116,09:18:47,2.05,650,329300
20240116,09:18:53,2.05,250,329300
20240116,09:18:56,2.05,2200,329300
20240116,09:18:58,2.1,2200,329300
20240116,09:19:01,2.05,1200,329300
20240116,09:19:01,2.1,500,329300
20240116,09:19:04,2.1,500,329300
20240116,09:19:12,2.1,1900,329300
20240116,09:19:13,2.1,2050,329300
20240116,09:19:14,2.1,200,329300
20240116,09:19:17,2.1,100,329300
20240116,09:19:17,2.15,1800,329300
20240116,09:19:19,2.15,2000,329300
20240116,09:19:22,2.15,350,329300
20240116,09:19:24,2.1,300,329300
20240116,09:19:30,2.15,750,329300
20240116,09:19:31,2.15,750,329300
20240116,09:20:00,2.15,350,329300
20240116,09:20:08,2.15,700,329300
20240116,09:20:19,2.1,150,329300
20240116,09:20:40,2.15,450,332200
20240116,09:20:47,2.1,100,332200
20240116,09:21:09,2.1,500,332200
20240116,09:21:11,2.1,700,332200
20240116,09:21:12,2.05,500,332200
20240116,09:21:13,2.05,500,332200
20240116,09:21:15,2.05,550,332200
20240116,09:21:27,2.05,50,332200
20240116,09:21:54,2.1,100,332200
20240116,09:22:01,2.15,400,332200
20240116,09:22:27,2.15,300,332200
20240116,09:22:44,2.1,2150,332200
20240116,09:22:49,2.05,100,332200
20240116,09:22:54,2.1,2300,332200
20240116,09:22:56,2.1,2200,332200
20240116,09:22:59,2.1,200,332200
20240116,09:23:01,2.05,300,332200
20240116,09:23:02,2.1,300,332200
20240116,09:23:05,2.1,50,332200
20240116,09:23:06,2.1,50,332200
20240116,09:23:07,2.1,50,332200
20240116,09:23:08,2.1,50,332200
20240116,09:23:09,2.1,50,332200
20240116,09:23:50,2.15,250,332200
20240116,09:23:55,2.15,1200,329050
20240116,09:23:55,2.1,1550,329050
20240116,09:24:01,2.1,250,329050
20240116,09:24:08,2.1,500,329050
20240116,09:24:17,2.15,500,329050
20240116,09:24:22,2.1,500,329050
20240116,09:24:23,2.1,950,329050
20240116,09:24:40,2.1,50,329050
20240116,09:24:46,2.05,500,329050
20240116,09:24:53,2.05,1400,329050
20240116,09:24:54,2.05,3600,329050
20240116,09:25:09,2.05,50,329050
20240116,09:26:09,2.05,200,329050
20240116,09:26:18,2.1,50,329050
20240116,09:26:27,2.1,50,329050
20240116,09:26:48,2.1,500,329050
20240116,09:27:51,2.1,1600,332700
20240116,09:28:01,2.1,400,332700
20240116,09:28:20,2.05,500,332700
20240116,09:28:22,2.05,200,332700
20240116,09:28:23,2.05,1900,332700
20240116,09:28:51,2.0,300,332700
20240116,09:29:06,2.0,650,332700
20240116,09:29:07,2.0,50,332700
20240116,09:29:55,1.95,1300,332350
20240116,09:30:02,1.95,50,332350
20240116,09:30:04,1.95,350,332350
20240116,09:30:15,1.95,100,332350
20240116,09:30:18,1.9,1000,332350
20240116,09:30:51,1.95,300,332350
20240116,09:31:01,1.9,750,332350
20240116,09:31:28,1.95,450,332350
20240116,09:31:37,2.0,100,332350
20240116,09:31:48,2.0,50,332350
20240116,09:33:00,2.0,50,332100
20240116,09:33:26,2.0,2100,332100
20240116,09:33:29,2.0,400,332100
20240116,09:33:34,2.0,500,332100
20240116,09:34:18,2.0,1800,332100
20240116,09:34:19,2.0,50,332100
20240116,09:34:38,2.0,1700,332100
20240116,09:34:39,2.0,700,332100
20240116,09:34:40,2.0,50,332100
20240116,09:34:42,2.0,50,332100
20240116,09:34:43,2.0,1050,332100
20240116,09:34:45,2.0,100,332100
20240116,09:34:46,2.0,250,332100
20240116,09:34:47,2.0,50,332100
20240116,09:34:50,2.0,50,332100
20240116,09:34:51,2.0,1000,332100
20240116,09:34:54,2.0,250,332100
20240116,09:34:58,2.0,300,332100
20240116,09:35:10,2.0,1000,332100
20240116,09:35:12,2.0,50,332100
20240116,09:36:02,2.0,700,332100
20240116,09:36:18,2.0,50,332150
20240116,09:37:43,2.0,50,332150
20240116,09:38:13,1.95,1700,332150
20240116,09:38:26,1.95,50,332150
20240116,09:38:31,1.95,50,332150
20240116,09:38:35,1.9,1800,333250
20240116,09:38:56,1.95,700,333250
20240116,09:39:25,1.95,250,333250
20240116,09:39:26,1.95,300,333250
20240116,09:39:32,1.95,250,333250
20240116,09:39:36,1.95,250,333250
20240116,09:39:39,1.95,250,333250
20240116,09:39:43,1.95,250,333250
20240116,09:39:46,1.95,700,333250
20240116,09:40:00,1.95,50,333250
20240116,09:40:06,1.95,1000,333250
20240116,09:40:13,1.95,50,333250
20240116,09:40:15,1.95,400,333250
20240116,09:40:24,2.0,200,333250
20240116,09:41:36,2.0,100,333250
20240116,09:41:45,2.0,100,332150
20240116,09:41:46,1.95,50,332150
20240116,09:42:02,1.95,400,332150
20240116,09:42:04,1.95,200,332150
20240116,09:42:07,1.95,100,332150
20240116,09:42:09,1.95,50,332150
20240116,09:42:38,1.95,400,332150
20240116,09:42:42,1.95,400,332150
20240116,09:42:43,1.95,400,332150
20240116,09:42:49,1.95,50,332150
20240116,09:42:52,1.95,50,332150
20240116,09:44:24,2.0,1800,332150
20240116,09:44:26,2.0,1800,332150
20240116,09:44:28,1.95,1850,332150
20240116,09:44:34,2.0,2650,332150
20240116,09:44:36,2.0,2600,332150
20240116,09:44:40,2.0,1700,331650
20240116,09:44:46,2.0,500,331650
20240116,09:44:52,2.0,2250,331650
20240116,09:45:02,2.0,100,331650
20240116,09:45:06,2.0,100,331650
20240116,09:45:38,2.0,650,331650
20240116,09:45:41,2.0,1700,331650
20240116,09:46:03,2.0,1000,331650
20240116,09:48:48,2.05,800,331850
20240116,09:51:20,2.1,300,331850
20240116,09:51:23,2.1,300,331850
20240116,09:51:28,2.1,400,331850
20240116,09:55:24,2.25,50,331850
20240116,09:55:37,2.25,50,331850
20240116,09:56:29,2.15,500,331850
20240116,09:59:39,2.15,150,331850
20240116,09:59:45,2.15,2050,331850
20240116,09:59:47,2.1,250,331850
20240116,09:59:56,2.15,1000,331850
20240116,09:59:58,2.1,250,331850
20240116,10:00:06,2.1,50,331850
20240116,10:00:18,2.15,1200,331850
20240116,10:00:54,2.15,50,331850
20240116,10:01:15,2.1,50,331850
20240116,10:01:25,2.1,50,331850
20240116,10:01:41,2.15,800,331850
20240116,10:01:42,2.15,800,331850
20240116,10:01:43,2.1,1200,331850
20240116,10:01:51,2.15,400,331850
20240116,10:02:04,2.1,250,331850
20240116,10:02:04,2.15,200,331850
20240116,10:02:06,2.1,500,331850
20240116,10:02:12,2.1,250,331850
20240116,10:02:25,2.15,500,331850
20240116,10:02:34,2.2,1000,331850
20240116,10:02:40,2.1,1500,333200
20240116,10:02:48,2.15,1000,333200
20240116,10:02:53,2.1,1000,333200
20240116,10:03:37,2.15,1600,333200
20240116,10:03:37,2.15,400,333200
20240116,10:05:07,2.15,100,333200
20240116,10:05:17,2.1,250,333200
20240116,10:09:26,2.15,500,333200
20240116,10:09:37,2.15,500,332650
20240116,10:09:47,2.1,2050,332650
20240116,10:09:54,2.15,400,332650
20240116,10:09:57,2.2,650,332650
20240116,10:10:01,2.15,800,332650
20240116,10:10:14,2.15,1500,332650
20240116,10:10:27,2.15,300,332650
20240116,10:10:34,2.15,200,332650
20240116,10:10:39,2.15,2300,332650
20240116,10:10:49,2.15,1950,332650
20240116,10:10:59,2.15,1950,332650
20240116,10:11:03,2.15,200,332650
20240116,10:11:36,2.15,100,332650
20240116,10:11:51,2.15,250,332650
20240116,10:12:32,2.2,50,334200
20240116,10:12:32,2.15,250,334200
20240116,10:13:19,2.2,250,334200
20240116,10:13:29,2.2,300,334200
20240116,10:14:12,2.15,950,334200
20240116,10:14:44,2.2,100,333000
20240116,10:14:46,2.2,250,333000
20240116,10:14:50,2.2,50,333000
20240116,10:16:28,2.2,200,333000
20240116,10:16:50,2.15,250,333000
20240116,10:18:20,2.2,50,332200
20240116,10:20:39,2.25,500,332200
20240116,10:21:12,2.25,1000,332200
20240116,10:21:16,2.25,500,332150
20240116,10:21:17,2.25,650,332150
20240116,10:21:31,2.25,50,332150
20240116,10:21:58,2.3,2750,332150
20240116,10:21:58,2.3,400,332150
